timestamp,sequence,exchange_timestamp,bid_price_0,bid_size_0,ask_price_0,ask_size_0,bid_price_1,bid_size_1,ask_price_1,ask_size_1,bid_price_2,bid_size_2,ask_price_2,ask_size_2,bid_price_3,bid_size_3,ask_price_3,ask_size_3,bid_price_4,bid_size_4,ask_price_4,ask_size_4,bid_price_5,bid_size_5,ask_price_5,ask_size_5,bid_price_6,bid_size_6,ask_price_6,ask_size_6,bid_price_7,bid_size_7,ask_price_7,ask_size_7,bid_price_8,bid_size_8,ask_price_8,ask_size_8,bid_price_9,bid_size_9,ask_price_9,ask_size_9,bid_price_10,bid_size_10,ask_price_10,ask_size_10,bid_price_11,bid_size_11,ask_price_11,ask_size_11,bid_price_12,bid_size_12,ask_price_12,ask_size_12,bid_price_13,bid_size_13,ask_price_13,ask_size_13,bid_price_14,bid_size_14,ask_price_14,ask_size_14,bid_price_15,bid_size_15,ask_price_15,ask_size_15,bid_price_16,bid_size_16,ask_price_16,ask_size_16,bid_price_17,bid_size_17,ask_price_17,ask_size_17,bid_price_18,bid_size_18,ask_price_18,ask_size_18,bid_price_19,bid_size_19,ask_price_19,ask_size_19
1757015216.8747032,1757015216253,1757015216253,0.18648,30984.0,0.18649,35978.0,0.18643,16217.0,0.1865,35976.0,0.18639,13889.0,0.18651,35974.0,0.18638,28662.0,0.18654,4046.0,0.18637,5777.0,0.18661,89393.0,0.18636,107295.0,0.18662,25442.0,0.18635,29844.0,0.18663,1832.0,0.18632,19217.0,0.18664,5912.0,0.18629,17331.0,0.18665,26434.0,0.18627,195669.0,0.18666,147345.0,0.18626,82066.0,0.18667,70255.0,0.18625,16060.0,0.18668,24006.0,0.18624,134193.0,0.18669,31160.0,0.18622,9324.0,0.1867,16059.0,0.18621,10945.0,0.18671,16217.0,0.1862,59427.0,0.18673,13387.0,0.18619,34593.0,0.18674,13439.0,0.18617,16217.0,0.18675,17486.0,0.18616,24939.0,0.18676,87399.0,0.18615,7356.0,0.18677,133844.0
1757015217.1774464,1757015216728,1757015216728,0.18643,15879.0,0.18644,53994.0,0.18639,82066.0,0.18645,53991.0,0.18637,7235.0,0.18646,89972.0,0.18636,133045.0,0.18647,89967.0,0.18635,29844.0,0.18648,89962.0,0.18632,16217.0,0.18649,17989.0,0.18629,22603.0,0.18654,4046.0,0.18627,195669.0,0.18657,5335.0,0.18626,82066.0,0.18659,16275.0,0.18625,16060.0,0.1866,16000.0,0.18624,134193.0,0.18661,139412.0,0.18622,11313.0,0.18662,17787.0,0.18621,10945.0,0.18663,1832.0,0.1862,59427.0,0.18664,5912.0,0.18619,34593.0,0.18665,27022.0,0.18618,5359.0,0.18666,15895.0,0.18617,16217.0,0.18667,55728.0,0.18616,24939.0,0.18668,24006.0,0.18615,7356.0,0.18669,1984.0,0.1861,41524.0,0.1867,18043.0
1757015217.791407,1757015217361,1757015217361,0.18643,15727.0,0.18644,17998.0,0.1864,34626.0,0.18654,4046.0,0.18639,90112.0,0.18655,25641.0,0.18637,7235.0,0.18656,15888.0,0.18636,133045.0,0.18657,40701.0,0.18635,29844.0,0.18658,8038.0,0.18632,37084.0,0.18659,45451.0,0.18631,13416.0,0.18661,123412.0,0.1863,30089.0,0.18662,15181.0,0.18629,22603.0,0.18664,3869.0,0.18628,70500.0,0.18665,27022.0,0.18627,195669.0,0.18666,15895.0,0.18626,82066.0,0.18667,55728.0,0.18625,16060.0,0.18668,24006.0,0.18624,134193.0,0.18669,1984.0,0.18622,17280.0,0.1867,18043.0,0.18621,12736.0,0.18671,16217.0,0.1862,33855.0,0.18673,13387.0,0.18619,28599.0,0.18674,5358.0,0.18617,16217.0,0.18675,17486.0
1757015218.15694,1757015217788,1757015217788,0.1864,14365.0,0.18641,36016.0,0.18637,5777.0,0.18642,36014.0,0.18632,16217.0,0.18643,36012.0,0.18631,13416.0,0.18644,17998.0,0.1863,30089.0,0.18648,5335.0,0.18629,22603.0,0.1865,500.0,0.18628,43662.0,0.18653,16217.0,0.18627,140691.0,0.18654,4046.0,0.18626,84055.0,0.18655,109183.0,0.18625,5294.0,0.18656,15888.0,0.18622,11934.0,0.18657,19862.0,0.18621,9747.0,0.18658,24006.0,0.1862,31766.0,0.18659,29176.0,0.18619,26510.0,0.1866,133965.0,0.18617,16217.0,0.18661,16217.0,0.18616,24939.0,0.18662,43104.0,0.18613,134265.0,0.18664,85935.0,0.18612,21896.0,0.18665,27022.0,0.1861,83528.0,0.18666,14895.0,0.18609,16217.0,0.18667,25813.0
1757015218.664053,1757015218348,1757015218348,0.1864,14365.0,0.18646,8404.0,0.18637,24006.0,0.18648,23655.0,0.18635,2537.0,0.1865,500.0,0.18633,16000.0,0.18653,1787.0,0.18632,16217.0,0.18654,16000.0,0.18631,32542.0,0.18655,116544.0,0.18629,21272.0,0.18656,15888.0,0.18628,27662.0,0.18657,5335.0,0.18627,112716.0,0.18662,15181.0,0.18626,84055.0,0.18664,3759.0,0.18625,17000.0,0.18665,16588.0,0.1862,24006.0,0.18666,139813.0,0.18619,5852.0,0.18667,21813.0,0.18617,16217.0,0.18668,24006.0,0.18616,24939.0,0.1867,16257.0,0.18615,10356.0,0.18671,23994.0,0.18613,134265.0,0.18672,20929.0,0.18612,195098.0,0.18673,17689.0,0.18611,18108.0,0.18674,12052.0,0.1861,77539.0,0.18675,17486.0
1757015219.3046277,1757015218875,1757015218875,0.18651,142995.0,0.18653,3627.0,0.1865,143003.0,0.18655,5774.0,0.18649,143011.0,0.18656,45064.0,0.18648,143018.0,0.18657,20839.0,0.18647,143025.0,0.18659,16217.0,0.18646,71513.0,0.18661,107195.0,0.18645,71380.0,0.18662,29710.0,0.18644,82066.0,0.18664,7667.0,0.18642,16217.0,0.18665,16588.0,0.1864,14365.0,0.18666,139813.0,0.18638,107291.0,0.18667,16478.0,0.18637,24006.0,0.18668,24006.0,0.18635,5474.0,0.18669,7936.0,0.18632,37084.0,0.1867,16257.0,0.18631,33304.0,0.18671,23994.0,0.18629,5272.0,0.18672,20929.0,0.18628,27662.0,0.18673,17689.0,0.18627,139558.0,0.18674,5358.0,0.18626,84055.0,0.18675,17486.0,0.18625,22163.0,0.18676,87399.0
1757015219.970371,1757015219390,1757015219390,0.18655,285952.0,0.18656,1000.0,0.18654,285968.0,0.18657,5085.0,0.18653,285981.0,0.1866,23655.0,0.1865,16217.0,0.18661,107195.0,0.18647,24006.0,0.18663,3920.0,0.18645,5486.0,0.18665,16588.0,0.18644,82066.0,0.18667,22730.0,0.18642,44170.0,0.18668,26090.0,0.1864,19700.0,0.18669,7936.0,0.18639,1457.0,0.1867,150148.0,0.18638,107291.0,0.18671,16217.0,0.18637,24006.0,0.18674,15466.0,0.18635,16000.0,0.18675,17486.0,0.18632,18205.0,0.18676,5333.0,0.18631,5335.0,0.18678,206883.0,0.18628,28662.0,0.18679,24006.0,0.18627,139558.0,0.1868,78172.0,0.18626,84055.0,0.18681,42435.0,0.18625,58307.0,0.18684,3216.0,0.18623,2000.0,0.18685,5151.0
1757015220.543038,1757015220005,1757015220005,0.18641,16217.0,0.18646,1048.0,0.1864,14365.0,0.1865,35690.0,0.18639,82066.0,0.18651,35688.0,0.18638,107291.0,0.18652,75917.0,0.18637,24006.0,0.18653,35684.0,0.18635,11199.0,0.18654,37635.0,0.18633,16000.0,0.18655,35680.0,0.18632,16217.0,0.18657,8502.0,0.1863,10637.0,0.18658,16275.0,0.18629,5780.0,0.1866,21552.0,0.18628,28662.0,0.18661,120590.0,0.18627,139558.0,0.18663,3920.0,0.18626,84055.0,0.18665,7989.0,0.18625,27098.0,0.18667,50645.0,0.18623,2000.0,0.18668,42090.0,0.18622,5000.0,0.18669,7936.0,0.18621,17341.0,0.1867,150148.0,0.1862,55874.0,0.18671,16217.0,0.18619,1612.0,0.18672,5350.0,0.18617,16217.0,0.18674,10108.0
1757015221.0869818,1757015220550,1757015220550,0.18649,74278.0,0.1865,17845.0,0.18648,74282.0,0.18653,17842.0,0.18647,74286.0,0.18654,2007.0,0.18646,74290.0,0.18656,7415.0,0.18645,11125.0,0.18657,8502.0,0.18642,1987.0,0.18658,16275.0,0.18641,136134.0,0.18659,17787.0,0.1864,42321.0,0.1866,14527.0,0.18639,83523.0,0.18661,13395.0,0.18637,24006.0,0.18662,16058.0,0.18636,17297.0,0.18663,1920.0,0.18635,8262.0,0.18667,22730.0,0.18633,16000.0,0.18668,26090.0,0.18632,37084.0,0.18669,120528.0,0.18631,16000.0,0.18672,5350.0,0.1863,16248.0,0.18673,1903.0,0.18629,16000.0,0.18674,6048.0,0.18628,27662.0,0.18675,99552.0,0.18627,156149.0,0.18676,5333.0,0.18626,82066.0,0.18678,206883.0
1757015221.6694896,1757015221096,1757015221096,0.18655,148514.0,0.18656,8039.0,0.18654,148522.0,0.18673,1903.0,0.18653,230596.0,0.18674,2027.0,0.18652,74266.0,0.18677,1457.0,0.18651,74270.0,0.1868,27927.0,0.1865,74274.0,0.18684,29254.0,0.18649,398402.0,0.18685,2082.0,0.18645,10737.0,0.18686,28400.0,0.18643,22983.0,0.18687,5365.0,0.18642,52855.0,0.18688,107028.0,0.18641,63871.0,0.18689,21892.0,0.1864,5703.0,0.18693,5471.0,0.18639,97914.0,0.18694,3989.0,0.18637,40389.0,0.18696,16648.0,0.18636,29602.0,0.18698,14810.0,0.18633,1339.0,0.18699,137766.0,0.18632,16217.0,0.187,29550.0,0.1863,60055.0,0.18701,101871.0,0.18627,21955.0,0.18705,47046.0,0.18626,82066.0,0.18706,24006.0
1757015221.9896698,1757015221613,1757015221613,0.18667,74228.0,0.18673,1903.0,0.18661,90469.0,0.18674,2027.0,0.1866,98262.0,0.18676,9920.0,0.18659,74260.0,0.18678,109432.0,0.18658,82302.0,0.18679,17785.0,0.18657,79710.0,0.1868,1785.0,0.18656,74272.0,0.18681,14527.0,0.18655,2961.0,0.18684,5599.0,0.18653,82066.0,0.18685,9546.0,0.18651,13402.0,0.18686,56287.0,0.1865,5428.0,0.18687,21582.0,0.18649,93213.0,0.18689,21892.0,0.18646,1048.0,0.18691,13374.0,0.18645,10737.0,0.18694,3989.0,0.18644,134056.0,0.18696,40183.0,0.18643,204367.0,0.18697,6190.0,0.18642,40829.0,0.18698,192360.0,0.18641,104424.0,0.18699,135686.0,0.1864,7492.0,0.187,2701.0,0.18639,87307.0,0.18701,111266.0
1757015222.7184775,1757015222230,1757015222230,0.18664,8139.0,0.18676,1984.0,0.18661,16217.0,0.18677,29634.0,0.18659,5335.0,0.18678,9030.0,0.18658,115214.0,0.18679,1785.0,0.18655,14139.0,0.1868,1785.0,0.18654,15896.0,0.18681,14527.0,0.18653,82066.0,0.18682,29176.0,0.18651,13402.0,0.18683,30773.0,0.1865,28362.0,0.18684,1874.0,0.18649,48568.0,0.18685,123245.0,0.18648,1000.0,0.18686,4394.0,0.18644,134056.0,0.18687,2302.0,0.18643,177550.0,0.18688,16478.0,0.18642,43829.0,0.18691,13374.0,0.18641,104424.0,0.18694,27616.0,0.1864,8859.0,0.18695,82066.0,0.18639,82066.0,0.18696,40183.0,0.18637,45660.0,0.18697,6190.0,0.18633,1339.0,0.18698,196313.0,0.18632,16217.0,0.18699,135686.0
1757015223.1540766,1757015222674,1757015222674,0.18676,296884.0,0.18677,12678.0,0.18675,16217.0,0.18678,1000.0,0.18672,24006.0,0.18682,1457.0,0.1867,82066.0,0.18683,25438.0,0.18666,107119.0,0.18684,1874.0,0.18665,2845.0,0.18686,4394.0,0.18663,16000.0,0.18687,109319.0,0.18661,16217.0,0.18688,20451.0,0.1866,2608.0,0.18691,13374.0,0.18659,24006.0,0.18693,49428.0,0.18656,7394.0,0.18694,29221.0,0.18655,14139.0,0.18696,40183.0,0.18654,21367.0,0.18698,196313.0,0.18653,82066.0,0.18699,135686.0,0.18652,1986.0,0.187,28454.0,0.1865,28362.0,0.18701,21739.0,0.18649,48568.0,0.18703,23668.0,0.18648,1000.0,0.18706,24006.0,0.18644,134056.0,0.18707,5360.0,0.18643,177550.0,0.18708,21870.0
1757015223.6410496,1757015223197,1757015223197,0.18681,222618.0,0.18682,1457.0,0.1868,222630.0,0.18683,25438.0,0.18679,148428.0,0.18684,1874.0,0.18678,148436.0,0.18686,20394.0,0.18677,148444.0,0.18687,109180.0,0.18676,59637.0,0.18688,16478.0,0.18675,16217.0,0.1869,14527.0,0.18672,24006.0,0.18691,13374.0,0.18671,1457.0,0.18692,29176.0,0.1867,82266.0,0.18693,49428.0,0.18665,2845.0,0.18694,5215.0,0.18662,141841.0,0.18696,40183.0,0.18661,21552.0,0.18698,196562.0,0.1866,30270.0,0.18699,135686.0,0.18659,29333.0,0.187,30435.0,0.18655,14139.0,0.18701,21739.0,0.18654,5360.0,0.18703,23668.0,0.18653,82066.0,0.18706,24006.0,0.18652,1986.0,0.18707,5360.0,0.18651,1986.0,0.18708,21870.0
1757015224.0999653,1757015223698,1757015223698,0.18681,74206.0,0.18683,25438.0,0.18675,16217.0,0.18684,1874.0,0.18672,24006.0,0.18686,14403.0,0.18671,1457.0,0.18687,133951.0,0.1867,82266.0,0.18688,16478.0,0.18668,8034.0,0.1869,14527.0,0.18665,2845.0,0.18691,13374.0,0.18662,141841.0,0.18692,29176.0,0.18661,21552.0,0.18693,49428.0,0.1866,30270.0,0.18694,31959.0,0.18659,35240.0,0.18696,40183.0,0.18656,13399.0,0.18697,5335.0,0.18655,14139.0,0.18698,196562.0,0.18653,82066.0,0.18699,135686.0,0.18652,11916.0,0.187,30635.0,0.18651,7944.0,0.18701,21739.0,0.1865,33489.0,0.18703,23668.0,0.18649,45642.0,0.18706,24006.0,0.18648,1000.0,0.18709,6584.0,0.18644,134056.0,0.1871,37640.0
1757015224.5854642,1757015224235,1757015224235,0.18675,15888.0,0.18683,25438.0,0.18672,24006.0,0.18684,1874.0,0.18671,1457.0,0.18685,1456.0,0.1867,82066.0,0.18686,14403.0,0.18668,8034.0,0.18687,140368.0,0.18666,38028.0,0.18688,16478.0,0.18665,2845.0,0.1869,14527.0,0.18663,16000.0,0.18691,13374.0,0.18662,141841.0,0.18692,29176.0,0.18661,21552.0,0.18693,44093.0,0.1866,30270.0,0.18694,31959.0,0.18659,35240.0,0.18696,40183.0,0.18657,5354.0,0.18697,5335.0,0.18656,13399.0,0.18698,196562.0,0.18655,14139.0,0.18699,135686.0,0.18653,82066.0,0.187,32616.0,0.18652,13902.0,0.18701,21739.0,0.18651,7944.0,0.18703,23668.0,0.1865,33489.0,0.18705,1872.0,0.18649,45642.0,0.18706,24006.0
1757015225.5441275,1757015224761,1757015224761,0.18675,15640.0,0.18682,18584.0,0.18672,24006.0,0.18683,25438.0,0.18671,1457.0,0.18684,1874.0,0.1867,99593.0,0.18685,1456.0,0.18666,22028.0,0.18686,8360.0,0.18665,2845.0,0.18687,127495.0,0.18662,141841.0,0.18688,16478.0,0.18661,21552.0,0.18689,5335.0,0.1866,30270.0,0.1869,3568.0,0.18659,35240.0,0.18691,1784.0,0.18657,5354.0,0.18692,29176.0,0.18656,13399.0,0.18693,49564.0,0.18655,14139.0,0.18694,5215.0,0.18653,82066.0,0.18696,40183.0,0.18652,13902.0,0.18697,5335.0,0.18651,7944.0,0.18698,196562.0,0.1865,33489.0,0.18699,135686.0,0.18649,45642.0,0.187,36378.0,0.18648,1000.0,0.18701,21739.0,0.18644,134056.0,0.18703,23668.0
1757015225.7701504,1757015225266,1757015225266,0.18675,15640.0,0.18682,18584.0,0.18672,24006.0,0.18683,25438.0,0.1867,99593.0,0.18684,1874.0,0.18667,8034.0,0.18685,16000.0,0.18666,22028.0,0.18686,24360.0,0.18665,2845.0,0.18687,135521.0,0.18662,107119.0,0.18688,16478.0,0.18661,21552.0,0.18689,5335.0,0.1866,30270.0,0.1869,3568.0,0.18659,35240.0,0.18691,17784.0,0.18656,13399.0,0.18692,29176.0,0.18655,14139.0,0.18693,44093.0,0.18653,82066.0,0.18694,5215.0,0.18652,13902.0,0.18695,24006.0,0.18651,7944.0,0.18696,53553.0,0.1865,33489.0,0.18697,5335.0,0.18649,45642.0,0.18698,196562.0,0.18648,1000.0,0.18699,135686.0,0.18644,134056.0,0.187,40340.0,0.18643,177550.0,0.18701,21739.0
1757015226.2987983,1757015225784,1757015225784,0.18675,15640.0,0.18681,1456.0,0.18672,24006.0,0.18682,18584.0,0.1867,83522.0,0.18683,25438.0,0.18667,8034.0,0.18684,1874.0,0.18666,22028.0,0.18685,14527.0,0.18665,2845.0,0.18686,24360.0,0.18662,127952.0,0.18687,151300.0,0.18661,21552.0,0.18688,32753.0,0.1866,30270.0,0.18689,5335.0,0.18659,35240.0,0.1869,3568.0,0.18656,13399.0,0.18691,17784.0,0.18655,14139.0,0.18692,29176.0,0.18653,82066.0,0.18693,44093.0,0.18652,14902.0,0.18694,11686.0,0.18651,14944.0,0.18695,24006.0,0.1865,33489.0,0.18696,53553.0,0.18649,45642.0,0.18697,5335.0,0.18648,1000.0,0.18698,201916.0,0.18644,134056.0,0.18699,135686.0,0.18643,177550.0,0.187,40340.0
1757015226.709371,1757015226294,1757015226294,0.18676,16217.0,0.18678,2395.0,0.18667,129155.0,0.18681,15500.0,0.18661,16217.0,0.18684,25880.0,0.1866,27662.0,0.18685,18511.0,0.18659,35240.0,0.18686,8360.0,0.18655,10890.0,0.18687,128333.0,0.18653,82066.0,0.18688,39280.0,0.1865,28362.0,0.1869,3568.0,0.18649,71122.0,0.18691,1784.0,0.18648,2609.0,0.18694,2605.0,0.18645,5365.0,0.18696,53553.0,0.18644,134056.0,0.18698,192360.0,0.18642,30821.0,0.18699,135686.0,0.18641,77601.0,0.187,40340.0,0.1864,25440.0,0.18701,25315.0,0.18639,91602.0,0.18703,23668.0,0.18637,30617.0,0.18705,1872.0,0.18635,1879.0,0.18706,24006.0,0.18634,1879.0,0.18707,1872.0,0.18633,1339.0,0.18709,6584.0
1757015227.2599628,1757015226843,1757015226843,0.18671,23299.0,0.18682,1455.0,0.1867,8390.0,0.18684,1874.0,0.18669,82066.0,0.18685,38182.0,0.18668,16000.0,0.18686,10343.0,0.18667,27382.0,0.18687,127653.0,0.18666,17536.0,0.18688,39280.0,0.18663,112454.0,0.1869,40769.0,0.18661,16217.0,0.18691,7119.0,0.1866,27662.0,0.18694,1605.0,0.18659,26613.0,0.18695,24006.0,0.18658,34665.0,0.18696,53553.0,0.18655,10890.0,0.18698,196876.0,0.18653,82066.0,0.18699,166926.0,0.18651,183772.0,0.187,40340.0,0.1865,28362.0,0.18701,21739.0,0.18649,49324.0,0.18703,23668.0,0.18648,2609.0,0.18705,1872.0,0.18645,5365.0,0.18706,24006.0,0.18644,134056.0,0.18707,1872.0,0.18642,8961.0,0.18709,6584.0
1757015227.8152401,1757015227427,1757015227427,0.18674,16217.0,0.18682,1455.0,0.18671,23299.0,0.18684,1874.0,0.1867,8390.0,0.18685,38182.0,0.18669,82066.0,0.18686,10343.0,0.18667,27382.0,0.18687,148458.0,0.18666,17536.0,0.18688,34787.0,0.18665,8035.0,0.1869,40769.0,0.18663,112454.0,0.18691,7119.0,0.18662,20833.0,0.18694,17605.0,0.18661,16217.0,0.18695,24006.0,0.1866,27662.0,0.18696,53553.0,0.18659,26613.0,0.18698,198956.0,0.18658,32841.0,0.18699,171086.0,0.18655,8173.0,0.187,40340.0,0.18653,82066.0,0.18701,21739.0,0.18652,1986.0,0.18703,23668.0,0.18651,183772.0,0.18705,1872.0,0.1865,28362.0,0.18706,24006.0,0.18649,46367.0,0.18707,1872.0,0.18648,2609.0,0.18709,6584.0
1757015228.286896,1757015227912,1757015227912,0.18661,16217.0,0.18669,17454.0,0.18659,24006.0,0.1867,17453.0,0.18658,6046.0,0.18671,52356.0,0.18655,8173.0,0.18672,52353.0,0.18654,107176.0,0.18673,52350.0,0.18653,82066.0,0.18674,52347.0,0.18652,3972.0,0.18677,2432.0,0.18651,1986.0,0.18678,2047.0,0.1865,5428.0,0.18681,75703.0,0.18649,52212.0,0.18684,25880.0,0.18648,6480.0,0.18686,10343.0,0.18645,5365.0,0.18687,127653.0,0.18644,134056.0,0.18688,23182.0,0.18642,8961.0,0.18689,4498.0,0.18641,77601.0,0.1869,3568.0,0.1864,43798.0,0.18691,34998.0,0.18639,98375.0,0.18693,98283.0,0.18638,41941.0,0.18694,7076.0,0.18637,30617.0,0.18695,24006.0,0.18635,1879.0,0.18696,53553.0
1757015228.973094,1757015228519,1757015228519,0.18662,16119.0,0.18673,14527.0,0.18661,16217.0,0.18676,136262.0,0.1866,49506.0,0.18677,12767.0,0.18659,24006.0,0.18678,11077.0,0.18658,7501.0,0.1868,16000.0,0.18654,107176.0,0.18681,78204.0,0.18653,95466.0,0.18683,16000.0,0.18652,22028.0,0.18684,39259.0,0.1865,5428.0,0.18686,10343.0,0.18649,46068.0,0.18687,18315.0,0.18648,27809.0,0.18688,26502.0,0.18644,134056.0,0.18689,4498.0,0.18642,8961.0,0.1869,30318.0,0.18641,77601.0,0.18691,7119.0,0.1864,43798.0,0.18693,98283.0,0.18639,98375.0,0.18694,7076.0,0.18638,224725.0,0.18695,24006.0,0.18637,30617.0,0.18696,40183.0,0.18635,1879.0,0.18698,184327.0,0.18634,1879.0,0.18699,146086.0
1757015229.553446,1757015229098,1757015229098,0.18663,5222.0,0.18671,23655.0,0.18662,16102.0,0.18673,14527.0,0.18661,16217.0,0.18676,29176.0,0.1866,41469.0,0.18677,14767.0,0.18659,24006.0,0.18678,11077.0,0.18658,7501.0,0.18679,107084.0,0.18657,8039.0,0.18681,40760.0,0.18655,16000.0,0.18682,16000.0,0.18654,107176.0,0.18683,14273.0,0.18653,95466.0,0.18684,39259.0,0.18652,42872.0,0.18686,10343.0,0.1865,5628.0,0.18687,18315.0,0.18649,51403.0,0.18688,26502.0,0.18648,27809.0,0.18689,4498.0,0.18645,27662.0,0.1869,30318.0,0.18644,134056.0,0.18691,7119.0,0.18642,10948.0,0.18693,98283.0,0.18641,77601.0,0.18694,1605.0,0.1864,21936.0,0.18695,24006.0,0.18639,98375.0,0.18696,40183.0
1757015230.4935036,1757015229804,1757015229804,0.1866,41469.0,0.18661,52438.0,0.1865,5628.0,0.18662,17477.0,0.18647,5357.0,0.18666,6417.0,0.18646,107234.0,0.18668,2412.0,0.18645,27662.0,0.18669,16217.0,0.18642,1987.0,0.1867,70254.0,0.18641,61225.0,0.18671,23655.0,0.1864,7625.0,0.18672,24006.0,0.18639,90673.0,0.18676,9920.0,0.18638,177430.0,0.18677,45413.0,0.18637,24006.0,0.18678,23484.0,0.18636,1050.0,0.18679,107084.0,0.18635,1879.0,0.1868,216102.0,0.18634,136002.0,0.18681,38083.0,0.18632,16217.0,0.18682,16000.0,0.18631,25808.0,0.18683,14273.0,0.1863,54360.0,0.18684,24006.0,0.18629,9284.0,0.18686,537.0,0.18628,37941.0,0.18688,4670.0,0.18626,82066.0,0.18689,4498.0
1757015230.6950228,1757015230215,1757015230215,0.1865,21845.0,0.18656,87425.0,0.18647,29363.0,0.18657,87420.0,0.18646,107234.0,0.18658,87415.0,0.18642,22028.0,0.18659,87410.0,0.18641,61225.0,0.1866,87405.0,0.1864,2723.0,0.18661,139087.0,0.18639,84799.0,0.18662,17477.0,0.18638,182765.0,0.18666,6417.0,0.18637,24006.0,0.18667,2410.0,0.18636,3038.0,0.18668,130888.0,0.18635,1879.0,0.18669,16217.0,0.18634,136002.0,0.1867,30884.0,0.18632,16217.0,0.18671,23655.0,0.18631,25808.0,0.18672,24006.0,0.1863,60466.0,0.18675,16000.0,0.18629,9284.0,0.18676,9920.0,0.18628,37941.0,0.18677,19829.0,0.18626,82066.0,0.18678,21437.0,0.18625,34985.0,0.1868,216102.0,0.18624,43420.0,0.18681,38083.0
1757015231.1274083,1757015230776,1757015230776,0.18651,34377.0,0.18662,25110.0,0.1865,59993.0,0.18666,10020.0,0.18648,18992.0,0.18667,23238.0,0.18647,37406.0,0.18668,144064.0,0.18642,166126.0,0.18669,16217.0,0.18641,55717.0,0.1867,31450.0,0.1864,2723.0,0.18672,24006.0,0.18639,84799.0,0.18676,9920.0,0.18638,188744.0,0.18677,19829.0,0.18637,24006.0,0.18678,7245.0,0.18636,30700.0,0.1868,277795.0,0.18635,1879.0,0.18681,38083.0,0.18634,136002.0,0.18683,14273.0,0.18632,47025.0,0.18684,24006.0,0.18631,25808.0,0.18686,537.0,0.1863,62256.0,0.18691,5335.0,0.18629,9284.0,0.18693,98283.0,0.18628,37941.0,0.18694,26488.0,0.18626,82066.0,0.18695,24006.0,0.18625,34985.0,0.18696,6049.0
1757015231.6524045,1757015231287,1757015231287,0.18652,87440.0,0.18662,23655.0,0.1865,59993.0,0.18664,14527.0,0.18648,18992.0,0.18666,10020.0,0.18647,32049.0,0.18667,24238.0,0.18643,24044.0,0.18668,144064.0,0.18642,166126.0,0.1867,15175.0,0.18641,55717.0,0.18673,16478.0,0.1864,2723.0,0.18676,25920.0,0.18639,84799.0,0.18677,35829.0,0.18638,188744.0,0.18678,22711.0,0.18637,29367.0,0.1868,205444.0,0.18636,30700.0,0.18681,38083.0,0.18635,1879.0,0.18683,14273.0,0.18634,136002.0,0.18684,24006.0,0.18632,48025.0,0.18686,537.0,0.18631,26808.0,0.18691,5335.0,0.1863,62256.0,0.18692,21889.0,0.18629,9284.0,0.18693,98283.0,0.18628,16064.0,0.18694,21017.0,0.18626,82066.0,0.18695,24006.0
1757015232.1729305,1757015231797,1757015231797,0.18652,5374.0,0.18661,1454.0,0.1865,59636.0,0.18662,23655.0,0.18648,18992.0,0.18664,14527.0,0.18647,32049.0,0.18666,10020.0,0.18643,24044.0,0.18667,26238.0,0.18642,166126.0,0.18668,144064.0,0.18641,55717.0,0.1867,15175.0,0.1864,2723.0,0.18673,17478.0,0.18639,84799.0,0.18674,1607.0,0.18638,188744.0,0.18676,25920.0,0.18637,29367.0,0.18677,35829.0,0.18636,30700.0,0.18678,22711.0,0.18635,1879.0,0.18679,82066.0,0.18634,136002.0,0.1868,207427.0,0.18632,53013.0,0.18681,38083.0,0.18631,29808.0,0.18683,14273.0,0.1863,62256.0,0.18684,25880.0,0.18629,9284.0,0.18686,537.0,0.18628,16064.0,0.18691,5335.0,0.18626,82066.0,0.18692,21889.0
1757015232.7599347,1757015232342,1757015232342,0.18652,5374.0,0.18662,23655.0,0.1865,59636.0,0.18664,14527.0,0.18648,17537.0,0.18666,19325.0,0.18647,32049.0,0.18667,2410.0,0.18646,5335.0,0.18668,138729.0,0.18643,24044.0,0.1867,16961.0,0.18642,145270.0,0.18673,16478.0,0.18641,55717.0,0.18674,1607.0,0.1864,2723.0,0.18676,25920.0,0.18639,84799.0,0.18677,35829.0,0.18638,188744.0,0.18678,22711.0,0.18637,29367.0,0.18679,82066.0,0.18636,30700.0,0.1868,207427.0,0.18635,1879.0,0.18681,38083.0,0.18634,136002.0,0.18683,14273.0,0.18632,60965.0,0.18684,25880.0,0.18631,31796.0,0.18686,537.0,0.1863,62256.0,0.18691,5335.0,0.18629,9284.0,0.18692,21889.0,0.18628,16064.0,0.18693,98283.0
1757015233.3569193,1757015232901,1757015232901,0.18652,5374.0,0.18661,1454.0,0.1865,61090.0,0.18662,23655.0,0.18648,17537.0,0.18664,14527.0,0.18647,32049.0,0.18666,29550.0,0.18643,8044.0,0.18667,2410.0,0.18642,129270.0,0.18668,138729.0,0.18641,55717.0,0.18669,1786.0,0.1864,18723.0,0.1867,16961.0,0.18639,84799.0,0.18673,16478.0,0.18638,188744.0,0.18674,1607.0,0.18637,29367.0,0.18676,9920.0,0.18636,30700.0,0.18677,35829.0,0.18635,1879.0,0.18678,22711.0,0.18634,136002.0,0.18679,84049.0,0.18632,70905.0,0.1868,207427.0,0.18631,31796.0,0.18681,38083.0,0.1863,62256.0,0.18683,14273.0,0.18629,9284.0,0.18684,25880.0,0.18628,16064.0,0.18686,537.0,0.18626,82066.0,0.18691,5335.0
1757015233.797516,1757015233442,1757015233442,0.18652,5374.0,0.18661,1454.0,0.1865,61090.0,0.18662,23655.0,0.18648,17537.0,0.18664,22563.0,0.18647,32049.0,0.18666,33520.0,0.18643,24044.0,0.18667,37238.0,0.18642,150126.0,0.18668,138729.0,0.18641,55717.0,0.18669,1786.0,0.1864,18723.0,0.1867,16961.0,0.18639,84799.0,0.18673,16478.0,0.18638,188744.0,0.18674,1607.0,0.18637,29367.0,0.18676,9920.0,0.18636,30700.0,0.18677,19829.0,0.18635,1879.0,0.18678,22711.0,0.18634,136002.0,0.18679,84049.0,0.18632,70905.0,0.1868,207427.0,0.18631,31796.0,0.18681,38083.0,0.1863,62256.0,0.18683,14273.0,0.18629,9284.0,0.18684,25880.0,0.18628,16064.0,0.18686,537.0,0.18626,82066.0,0.18691,5335.0
1757015234.3350196,1757015233982,1757015233982,0.1866,16217.0,0.18662,23655.0,0.18652,5374.0,0.18664,14527.0,0.1865,62221.0,0.18666,34233.0,0.18649,5335.0,0.18667,20828.0,0.18647,24006.0,0.18668,136317.0,0.18644,107242.0,0.18669,3572.0,0.18642,20856.0,0.1867,8907.0,0.18641,58462.0,0.18673,16478.0,0.1864,7833.0,0.18674,1607.0,0.18639,84799.0,0.18676,9920.0,0.18637,29367.0,0.18677,24499.0,0.18636,30700.0,0.18678,22711.0,0.18635,1879.0,0.18679,23796.0,0.18634,136002.0,0.1868,161237.0,0.18633,20865.0,0.18681,46015.0,0.18632,48049.0,0.18683,14273.0,0.18631,36940.0,0.18684,25880.0,0.1863,62256.0,0.18686,537.0,0.18629,9284.0,0.18687,4266.0,0.18628,16064.0,0.18691,5335.0
1757015234.8947577,1757015234526,1757015234526,0.18652,6828.0,0.18661,1454.0,0.18651,82066.0,0.18664,14527.0,0.1865,67678.0,0.18666,18016.0,0.18648,39575.0,0.18667,39159.0,0.18647,29366.0,0.18668,144351.0,0.18644,120649.0,0.18669,3572.0,0.18642,26191.0,0.1867,16940.0,0.18641,58462.0,0.18673,32478.0,0.1864,2578.0,0.18674,1607.0,0.18639,87887.0,0.18676,9920.0,0.18638,1000.0,0.18677,23955.0,0.18637,24006.0,0.18678,18549.0,0.18636,30700.0,0.18679,23796.0,0.18635,1879.0,0.1868,169169.0,0.18634,136002.0,0.18681,46015.0,0.18633,20865.0,0.18683,191694.0,0.18632,50049.0,0.18684,27754.0,0.18631,215361.0,0.18686,537.0,0.1863,61591.0,0.18691,5335.0,0.18629,3150.0,0.18692,21889.0
1757015235.5895865,1757015235147,1757015235147,0.18652,6828.0,0.18661,1454.0,0.18651,82066.0,0.18664,14527.0,0.1865,67678.0,0.18666,18016.0,0.18648,39575.0,0.18667,62814.0,0.18647,29366.0,0.18668,144351.0,0.18644,120649.0,0.18669,3572.0,0.18642,26191.0,0.1867,16940.0,0.18641,58462.0,0.18673,32478.0,0.1864,2578.0,0.18674,1607.0,0.18639,101298.0,0.18675,16000.0,0.18638,1000.0,0.18676,9920.0,0.18637,24006.0,0.18677,23955.0,0.18636,30700.0,0.18678,18549.0,0.18635,1879.0,0.18679,23796.0,0.18634,136002.0,0.1868,171152.0,0.18633,20865.0,0.18681,46015.0,0.18632,50049.0,0.18683,191694.0,0.18631,215361.0,0.18684,27754.0,0.1863,61591.0,0.18686,537.0,0.18629,4761.0,0.18691,5335.0
1757015236.003629,1757015235554,1757015235554,0.18652,6828.0,0.18664,14527.0,0.18651,82066.0,0.18666,20001.0,0.1865,67678.0,0.18667,62814.0,0.18648,39575.0,0.18668,144351.0,0.18647,29366.0,0.18669,3572.0,0.18646,28091.0,0.1867,16940.0,0.18644,120649.0,0.18673,16478.0,0.18642,26191.0,0.18674,1607.0,0.18641,58462.0,0.18676,9920.0,0.1864,2578.0,0.18677,52000.0,0.18639,101298.0,0.18678,18549.0,0.18638,1000.0,0.18679,25779.0,0.18637,24006.0,0.1868,171152.0,0.18636,30700.0,0.18681,46015.0,0.18635,1879.0,0.18683,191694.0,0.18634,136002.0,0.18684,27754.0,0.18633,20865.0,0.18686,537.0,0.18632,54025.0,0.18689,7350.0,0.18631,219139.0,0.1869,1050.0,0.1863,63381.0,0.18691,5335.0
1757015236.527584,1757015236118,1757015236118,0.18647,5360.0,0.18651,69512.0,0.1864,200.0,0.18652,69508.0,0.18635,40223.0,0.18653,24006.0,0.18634,107301.0,0.18656,4234.0,0.18631,2088.0,0.18657,4469.0,0.18628,16064.0,0.18658,16217.0,0.18626,82066.0,0.18663,140229.0,0.18621,8451.0,0.18664,14527.0,0.1862,68424.0,0.18665,24006.0,0.18617,38107.0,0.18666,193762.0,0.18616,5643.0,0.18668,107141.0,0.18614,162442.0,0.1867,7121.0,0.18612,7356.0,0.18673,16478.0,0.18611,19674.0,0.18675,6693.0,0.1861,157701.0,0.18676,82066.0,0.18609,16217.0,0.18677,2083.0,0.18608,139277.0,0.18678,27284.0,0.18603,76668.0,0.18679,25779.0,0.18601,101542.0,0.1868,19830.0,0.186,191780.0,0.18681,24149.0
1757015237.0294776,1757015236680,1757015236680,0.1864,16021.0,0.18648,17383.0,0.18636,107301.0,0.18653,540.0,0.18635,48271.0,0.18656,34478.0,0.18634,1454.0,0.18657,135710.0,0.18633,27363.0,0.18658,16217.0,0.18632,20867.0,0.18659,3574.0,0.18631,5114.0,0.1866,16478.0,0.1863,2778.0,0.18661,13395.0,0.18628,16064.0,0.18663,71991.0,0.18627,16217.0,0.18664,30320.0,0.18626,88008.0,0.18666,46075.0,0.18625,5316.0,0.18667,22145.0,0.18624,27662.0,0.18668,17547.0,0.18623,18738.0,0.18669,12799.0,0.18622,7956.0,0.1867,200.0,0.18621,14900.0,0.18672,139811.0,0.1862,76213.0,0.18674,5325.0,0.18619,1791.0,0.18675,6167.0,0.18618,17825.0,0.18676,87391.0,0.18617,38107.0,0.18677,10415.0
1757015237.573643,1757015237191,1757015237191,0.18641,38129.0,0.18646,1454.0,0.1864,16179.0,0.18649,23655.0,0.18636,107301.0,0.18651,14527.0,0.18635,48271.0,0.18655,37216.0,0.18633,27363.0,0.18656,30244.0,0.18632,57028.0,0.18657,107202.0,0.18631,5114.0,0.18658,16217.0,0.1863,2778.0,0.18659,3574.0,0.18629,16000.0,0.1866,16478.0,0.18628,32064.0,0.18661,41464.0,0.18627,16217.0,0.18663,55634.0,0.18626,88008.0,0.18664,30320.0,0.18625,5316.0,0.18666,46075.0,0.18624,27662.0,0.18667,22145.0,0.18623,18738.0,0.18668,17547.0,0.18622,7956.0,0.18669,14783.0,0.18621,11920.0,0.1867,5952.0,0.1862,73636.0,0.18671,24006.0,0.18619,1791.0,0.18672,139811.0,0.18618,17825.0,0.18674,5325.0
1757015238.104129,1757015237724,1757015237724,0.18645,24006.0,0.18646,1454.0,0.18642,82066.0,0.18649,23655.0,0.18641,38129.0,0.18651,14527.0,0.1864,16179.0,0.18655,37216.0,0.18636,107301.0,0.18656,30244.0,0.18635,41677.0,0.18657,108202.0,0.18633,27363.0,0.18658,18217.0,0.18632,57028.0,0.18659,3574.0,0.18631,5114.0,0.1866,16478.0,0.1863,2778.0,0.18661,41464.0,0.18629,16000.0,0.18663,55634.0,0.18628,32064.0,0.18664,31320.0,0.18627,16217.0,0.18666,46075.0,0.18626,88008.0,0.18667,22145.0,0.18625,5316.0,0.18668,17547.0,0.18624,27662.0,0.18669,14783.0,0.18623,18738.0,0.1867,5952.0,0.18622,10945.0,0.18671,24006.0,0.18621,16920.0,0.18672,139811.0,0.1862,75636.0,0.18674,5325.0
1757015238.5858784,1757015238268,1757015238268,0.18645,24006.0,0.18648,1454.0,0.18642,82066.0,0.18649,23655.0,0.1864,15821.0,0.18651,14527.0,0.18637,24047.0,0.18655,37216.0,0.18636,107301.0,0.18656,30244.0,0.18635,68331.0,0.18657,108202.0,0.18633,22028.0,0.18658,18217.0,0.18632,8049.0,0.18659,3574.0,0.18631,5114.0,0.1866,16478.0,0.1863,2778.0,0.18661,13395.0,0.18629,16000.0,0.18663,26788.0,0.18628,21373.0,0.18664,31320.0,0.18627,21581.0,0.18666,46075.0,0.18626,88008.0,0.18667,22145.0,0.18624,27662.0,0.18668,17547.0,0.18623,18738.0,0.18669,1984.0,0.18622,10945.0,0.1867,5952.0,0.18621,16920.0,0.18671,24006.0,0.1862,75636.0,0.18672,139811.0,0.18619,3403.0,0.18674,5325.0
1757015239.2014296,1757015238839,1757015238839,0.18645,24006.0,0.18649,23655.0,0.18642,82066.0,0.18651,14527.0,0.1864,15821.0,0.18655,39202.0,0.18639,1454.0,0.18656,34216.0,0.18637,8047.0,0.18657,21839.0,0.18636,107301.0,0.18658,18217.0,0.18635,68331.0,0.18659,112543.0,0.18633,22028.0,0.1866,18265.0,0.18632,8049.0,0.18661,13395.0,0.18631,5114.0,0.18663,26788.0,0.1863,2778.0,0.18664,31320.0,0.18629,16000.0,0.18666,46075.0,0.18628,155560.0,0.18667,22145.0,0.18627,21581.0,0.18668,17547.0,0.18626,88008.0,0.18669,1984.0,0.18624,27662.0,0.1867,5952.0,0.18623,18738.0,0.18671,24006.0,0.18622,26857.0,0.18672,139811.0,0.18621,18909.0,0.18674,5325.0,0.1862,75636.0,0.18675,6167.0
1757015239.723841,1757015239359,1757015239359,0.18645,24006.0,0.18648,1454.0,0.18642,82066.0,0.18649,23655.0,0.1864,15821.0,0.18651,14527.0,0.18639,1454.0,0.18655,39202.0,0.18637,24047.0,0.18656,17941.0,0.18636,123301.0,0.18658,16217.0,0.18635,68331.0,0.18659,112543.0,0.18633,22028.0,0.1866,18265.0,0.18632,28916.0,0.18661,13395.0,0.18631,5114.0,0.18663,26788.0,0.1863,2778.0,0.18664,30320.0,0.18628,155560.0,0.18666,46075.0,0.18627,21581.0,0.18667,22145.0,0.18626,88008.0,0.18668,17547.0,0.18624,27662.0,0.18669,1984.0,0.18623,18738.0,0.1867,5952.0,0.18622,28846.0,0.18671,24006.0,0.18621,18909.0,0.18672,139811.0,0.1862,75636.0,0.18674,5325.0,0.18619,3403.0,0.18675,6167.0
1757015240.7547996,1757015240060,1757015240060,0.1864,15821.0,0.18641,17397.0,0.18639,5335.0,0.18642,17396.0,0.18637,5363.0,0.18643,17395.0,0.1863,37654.0,0.18644,17395.0,0.18628,21373.0,0.18645,17394.0,0.18627,16217.0,0.18646,2211.0,0.18626,88008.0,0.18647,40241.0,0.18624,135034.0,0.18648,131335.0,0.18623,18738.0,0.18649,5335.0,0.18622,3978.0,0.18653,16275.0,0.18621,11641.0,0.18655,1986.0,0.1862,73338.0,0.18656,64372.0,0.18618,17825.0,0.18657,133980.0,0.18617,16217.0,0.18658,40223.0,0.18616,5643.0,0.18659,8935.0,0.18614,49442.0,0.1866,1787.0,0.18613,195534.0,0.18662,82066.0,0.18612,5658.0,0.18664,16047.0,0.18611,13160.0,0.18666,39658.0,0.1861,101038.0,0.18667,22145.0
1757015240.8878343,1757015240464,1757015240464,0.18637,5363.0,0.1864,34796.0,0.1863,37654.0,0.18641,52191.0,0.18628,21373.0,0.18642,52188.0,0.18627,16217.0,0.18643,52185.0,0.18626,88008.0,0.18644,52185.0,0.18624,140369.0,0.18645,52182.0,0.18623,18738.0,0.18646,173708.0,0.18621,5770.0,0.18647,4358.0,0.1862,37718.0,0.18648,25088.0,0.18618,18825.0,0.18653,16275.0,0.18617,16217.0,0.18655,1986.0,0.18616,5643.0,0.18656,60333.0,0.18614,21265.0,0.18657,133980.0,0.18613,195534.0,0.18658,40223.0,0.18612,5658.0,0.18659,8935.0,0.18611,7689.0,0.1866,1787.0,0.1861,75014.0,0.18662,82066.0,0.18609,156044.0,0.18664,16047.0,0.18608,105833.0,0.18666,35166.0,0.18606,5646.0,0.18667,17486.0
1757015241.3313682,1757015240884,1757015240884,0.18637,5363.0,0.18645,2213.0,0.1863,37654.0,0.18646,164017.0,0.18628,22827.0,0.18647,7358.0,0.18627,16217.0,0.18648,25088.0,0.18626,88008.0,0.18655,1986.0,0.18624,133792.0,0.18656,32257.0,0.18623,5316.0,0.18657,338255.0,0.18621,5770.0,0.18658,40223.0,0.1862,37718.0,0.18659,8935.0,0.18618,18825.0,0.1866,1787.0,0.18617,43071.0,0.18662,82066.0,0.18616,5643.0,0.18666,24157.0,0.18614,21265.0,0.18667,19570.0,0.18613,195534.0,0.18668,2084.0,0.18612,7658.0,0.18669,3968.0,0.18611,8689.0,0.1867,28980.0,0.1861,50084.0,0.18671,24006.0,0.18609,156044.0,0.18672,5889.0,0.18608,105833.0,0.18673,1875.0,0.18606,5646.0,0.18674,5325.0
1757015241.9772098,1757015241473,1757015241473,0.1863,37654.0,0.18639,13570.0,0.18628,22827.0,0.18641,29176.0,0.18627,32217.0,0.18643,8045.0,0.18626,88008.0,0.18645,109473.0,0.18625,16000.0,0.18646,62726.0,0.18624,34473.0,0.18647,27850.0,0.18623,5316.0,0.18648,23634.0,0.18622,20878.0,0.18651,16478.0,0.18621,113139.0,0.18654,1609.0,0.1862,37718.0,0.18655,1986.0,0.18618,32251.0,0.18656,32257.0,0.18617,43071.0,0.18657,338255.0,0.18616,32812.0,0.18658,40223.0,0.18614,21265.0,0.18659,14890.0,0.18613,195534.0,0.1866,27592.0,0.18612,7658.0,0.18662,82066.0,0.18611,10679.0,0.18666,24157.0,0.1861,55555.0,0.18667,19570.0,0.18609,156044.0,0.18668,2084.0,0.18608,105833.0,0.18669,3968.0
1757015242.491153,1757015242062,1757015242062,0.18631,39803.0,0.18638,1343.0,0.1863,38012.0,0.18639,13570.0,0.18628,17518.0,0.18641,29176.0,0.18627,16217.0,0.18643,8045.0,0.18626,88008.0,0.18645,116795.0,0.18624,29138.0,0.18646,72661.0,0.18623,5316.0,0.18647,27850.0,0.18622,20878.0,0.18648,23634.0,0.18621,113139.0,0.1865,13404.0,0.1862,13912.0,0.18651,16478.0,0.18618,31251.0,0.18654,1609.0,0.18617,48436.0,0.18655,1986.0,0.18616,32812.0,0.18656,32257.0,0.18614,21265.0,0.18657,338255.0,0.18613,195534.0,0.18658,40223.0,0.18612,9638.0,0.18659,14890.0,0.18611,13461.0,0.1866,31562.0,0.1861,35449.0,0.18662,82066.0,0.18609,156044.0,0.18666,24157.0,0.18608,105833.0,0.18667,19570.0
1757015243.0775516,1757015242657,1757015242657,0.18632,22065.0,0.18639,5335.0,0.1863,38012.0,0.1864,16217.0,0.18625,112693.0,0.18645,111460.0,0.18623,29322.0,0.18646,16120.0,0.18622,16000.0,0.1865,200.0,0.18621,5770.0,0.18651,16478.0,0.1862,13912.0,0.18654,1609.0,0.18617,21582.0,0.18655,1986.0,0.18616,5643.0,0.18656,26922.0,0.18614,21265.0,0.18657,133980.0,0.18613,195534.0,0.18658,40223.0,0.18612,13618.0,0.18659,14890.0,0.18611,15451.0,0.1866,31562.0,0.1861,29978.0,0.18665,6697.0,0.18609,156044.0,0.18666,24157.0,0.18608,82066.0,0.18667,19570.0,0.18606,5646.0,0.18668,2084.0,0.18603,49617.0,0.18669,3968.0,0.18602,21908.0,0.1867,28980.0,0.186,113059.0,0.18671,24006.0
1757015243.7194579,1757015243165,1757015243165,0.18633,5282.0,0.1864,1454.0,0.18632,22065.0,0.18645,111460.0,0.1863,39108.0,0.18646,49137.0,0.18629,24268.0,0.18647,20850.0,0.18628,21908.0,0.18648,14802.0,0.18627,87432.0,0.1865,1788.0,0.18625,112693.0,0.18651,58443.0,0.18623,29322.0,0.18654,1609.0,0.18622,34301.0,0.18655,7321.0,0.18621,32939.0,0.18656,26922.0,0.1862,13712.0,0.18657,133980.0,0.18619,5844.0,0.18658,54355.0,0.18618,16000.0,0.18659,14890.0,0.18617,32217.0,0.1866,213047.0,0.18616,5643.0,0.18665,5811.0,0.18614,21265.0,0.18666,24157.0,0.18613,195534.0,0.18667,19570.0,0.18612,15608.0,0.18668,2084.0,0.18611,34974.0,0.18669,3968.0,0.1861,35449.0,0.1867,28980.0
1757015244.1267169,1757015243713,1757015243713,0.18633,5282.0,0.1864,1454.0,0.1863,39108.0,0.18645,111460.0,0.18629,24268.0,0.18646,49137.0,0.18628,21908.0,0.18647,20850.0,0.18627,87432.0,0.18648,14802.0,0.18625,112693.0,0.1865,1788.0,0.18623,29322.0,0.18651,58443.0,0.18622,34301.0,0.18654,1609.0,0.18621,32939.0,0.18655,7321.0,0.1862,13712.0,0.18656,26922.0,0.18619,5844.0,0.18657,133980.0,0.18617,32217.0,0.18658,58525.0,0.18616,5643.0,0.18659,96956.0,0.18614,21265.0,0.1866,215032.0,0.18613,195534.0,0.18664,3752.0,0.18612,17598.0,0.18665,5811.0,0.18611,34974.0,0.18666,24157.0,0.1861,35449.0,0.18667,19570.0,0.18609,156044.0,0.18668,2084.0,0.18608,82066.0,0.18669,3968.0
1757015244.6216855,1757015244289,1757015244289,0.18639,82066.0,0.18645,4200.0,0.18637,16217.0,0.18646,7948.0,0.18635,24006.0,0.18647,7000.0,0.18634,59676.0,0.18648,1000.0,0.18633,7965.0,0.1865,1788.0,0.18629,16217.0,0.18651,29880.0,0.18628,21908.0,0.18655,109193.0,0.18627,87432.0,0.18656,26922.0,0.18625,107358.0,0.18658,42308.0,0.18624,134215.0,0.18659,14890.0,0.18623,29322.0,0.1866,207092.0,0.18622,20878.0,0.18664,3752.0,0.18621,32939.0,0.18665,5811.0,0.1862,13712.0,0.18666,24157.0,0.18619,5844.0,0.18667,19570.0,0.18618,1000.0,0.18668,2084.0,0.18617,16217.0,0.18669,3968.0,0.18616,5643.0,0.1867,7936.0,0.18614,21265.0,0.18671,24006.0,0.18613,195534.0,0.18672,17432.0
1757015245.505942,1757015244964,1757015244964,0.18649,215927.0,0.1865,1454.0,0.18648,215939.0,0.18655,121703.0,0.18647,215950.0,0.18656,49910.0,0.18646,71982.0,0.18658,33104.0,0.1864,1454.0,0.18659,8935.0,0.18639,82066.0,0.1866,179302.0,0.18638,29955.0,0.18661,41959.0,0.18637,16217.0,0.18663,26789.0,0.18636,164249.0,0.18664,3752.0,0.18635,24006.0,0.18665,14407.0,0.18634,358.0,0.18666,24157.0,0.18633,2683.0,0.18667,37092.0,0.18632,23403.0,0.18668,2084.0,0.18631,47345.0,0.18669,3968.0,0.18629,22106.0,0.1867,7936.0,0.18627,89421.0,0.18671,24006.0,0.18626,13420.0,0.18672,17432.0,0.18624,134215.0,0.18673,135790.0,0.18623,29322.0,0.18674,5325.0,0.18622,19712.0,0.18675,8250.0
1757015246.0069382,1757015245441,1757015245441,0.18654,71959.0,0.18655,119634.0,0.18653,71963.0,0.18656,42848.0,0.18652,71966.0,0.18658,33104.0,0.18651,71970.0,0.18659,8935.0,0.1865,71974.0,0.1866,179302.0,0.18649,143949.0,0.18661,41959.0,0.1864,1454.0,0.18663,32124.0,0.18639,82066.0,0.18664,3752.0,0.18638,29955.0,0.18665,14407.0,0.18637,16217.0,0.18666,24157.0,0.18636,164249.0,0.18667,37092.0,0.18635,24006.0,0.18668,2084.0,0.18634,5335.0,0.18669,3968.0,0.18633,2683.0,0.1867,13888.0,0.18632,2536.0,0.18671,24006.0,0.18631,47345.0,0.18672,17432.0,0.18629,22106.0,0.18673,135790.0,0.18628,5374.0,0.18674,7200.0,0.18627,89421.0,0.18675,12416.0,0.18626,13420.0,0.18676,142066.0
1757015246.4417439,1757015245973,1757015245973,0.1864,1454.0,0.18655,116311.0,0.18638,29955.0,0.18656,21846.0,0.18637,16217.0,0.18657,16217.0,0.18636,164249.0,0.18658,24719.0,0.18635,24006.0,0.18659,8935.0,0.18634,5335.0,0.1866,181089.0,0.18633,2683.0,0.18661,13396.0,0.18632,23403.0,0.18663,32124.0,0.18631,52782.0,0.18664,3752.0,0.18629,22106.0,0.18665,14407.0,0.18628,5374.0,0.18666,24157.0,0.18627,89421.0,0.18667,37092.0,0.18626,13420.0,0.18668,2084.0,0.18624,134215.0,0.18669,5952.0,0.18623,29322.0,0.1867,19840.0,0.18622,36576.0,0.18671,24006.0,0.18621,9222.0,0.18672,17432.0,0.1862,13712.0,0.18673,135790.0,0.18619,1791.0,0.18674,7200.0,0.18618,1000.0,0.18675,14291.0
1757015246.8651233,1757015246473,1757015246473,0.18629,22106.0,0.18635,17410.0,0.18628,5374.0,0.18636,17409.0,0.18625,28123.0,0.18637,34816.0,0.18623,29322.0,0.18638,34814.0,0.18622,112910.0,0.18639,34812.0,0.1862,13712.0,0.1864,34812.0,0.18618,1000.0,0.18645,2272.0,0.18617,16217.0,0.18646,16217.0,0.18616,5643.0,0.18648,24006.0,0.18614,21265.0,0.18654,80991.0,0.18613,152379.0,0.18655,321139.0,0.18612,44496.0,0.18656,65973.0,0.18611,32375.0,0.18657,16217.0,0.1861,32068.0,0.18658,10587.0,0.18609,65587.0,0.18659,116992.0,0.18608,82066.0,0.1866,181089.0,0.18607,8307.0,0.18661,13396.0,0.18606,5646.0,0.18664,3752.0,0.18603,28482.0,0.18666,24157.0,0.18601,23378.0,0.18667,2084.0
1757015247.5871117,1757015247037,1757015247037,0.1863,42077.0,0.18634,32623.0,0.18624,82066.0,0.18635,109605.0,0.18622,2901.0,0.18636,56481.0,0.18617,59386.0,0.18637,7000.0,0.18615,123415.0,0.18638,1000.0,0.18613,18108.0,0.18642,11752.0,0.18612,13676.0,0.18643,1610.0,0.18611,19623.0,0.18644,2285.0,0.1861,24006.0,0.18645,23244.0,0.18609,16217.0,0.18649,3974.0,0.18608,82066.0,0.1865,1987.0,0.18606,1882.0,0.18651,5335.0,0.18604,134343.0,0.18652,14049.0,0.18602,5343.0,0.18653,17522.0,0.18601,23378.0,0.18654,16812.0,0.186,73253.0,0.18655,178272.0,0.18599,40223.0,0.18656,43922.0,0.18598,10076.0,0.18657,16217.0,0.18596,1883.0,0.18658,4170.0,0.18594,82066.0,0.18659,141735.0
1757015248.2504714,1757015247563,1757015247563,0.1863,42077.0,0.18632,1454.0,0.18625,16217.0,0.18634,142051.0,0.1862,1454.0,0.18635,33189.0,0.18619,8055.0,0.18636,15904.0,0.18617,38125.0,0.18637,7000.0,0.18615,107415.0,0.18638,1000.0,0.18612,10885.0,0.18641,13410.0,0.18611,40513.0,0.18642,11752.0,0.1861,42813.0,0.18643,1610.0,0.18609,22215.0,0.18644,42508.0,0.18608,87442.0,0.18645,25076.0,0.18607,26867.0,0.18648,26810.0,0.18606,7217.0,0.18649,19870.0,0.18604,134343.0,0.1865,179544.0,0.18602,10665.0,0.18651,5335.0,0.18601,23378.0,0.18652,14049.0,0.186,47859.0,0.18653,17522.0,0.18599,61729.0,0.18654,16812.0,0.18598,177557.0,0.18655,168611.0,0.18596,1883.0,0.18656,43922.0
1757015248.7542667,1757015248229,1757015248229,0.1863,42077.0,0.18631,37850.0,0.1862,1654.0,0.18632,1454.0,0.18618,16000.0,0.18634,109963.0,0.18617,38125.0,0.18635,27129.0,0.18616,16000.0,0.18636,15904.0,0.18612,112931.0,0.18637,7000.0,0.18611,40513.0,0.18638,1000.0,0.1861,42813.0,0.1864,200.0,0.18609,49384.0,0.18641,13410.0,0.18608,87442.0,0.18642,6417.0,0.18607,26867.0,0.18643,1610.0,0.18606,7217.0,0.18644,40223.0,0.18604,134343.0,0.18645,25076.0,0.18602,10665.0,0.18647,82066.0,0.18601,23378.0,0.18649,29805.0,0.186,25941.0,0.1865,179544.0,0.18599,78122.0,0.18651,5335.0,0.18598,177557.0,0.18652,14049.0,0.18596,2933.0,0.18654,16812.0,0.18594,82066.0,0.18655,153778.0
1757015249.0860488,1757015248714,1757015248714,0.1863,42077.0,0.18631,24974.0,0.1862,1454.0,0.18632,1454.0,0.18618,16000.0,0.18634,109963.0,0.18617,38125.0,0.18635,8254.0,0.18613,16000.0,0.18636,19880.0,0.18612,112931.0,0.18637,8047.0,0.18611,19623.0,0.18639,28563.0,0.1861,42813.0,0.1864,200.0,0.18609,49384.0,0.18641,13410.0,0.18608,87442.0,0.18642,6417.0,0.18607,26867.0,0.18643,1610.0,0.18606,7217.0,0.18644,40223.0,0.18604,134343.0,0.18645,51890.0,0.18602,14647.0,0.18649,39740.0,0.18601,23378.0,0.1865,181531.0,0.186,25941.0,0.18651,5335.0,0.18599,78122.0,0.18652,14049.0,0.18598,177557.0,0.18654,14132.0,0.18596,2933.0,0.18655,153778.0,0.18594,82066.0,0.18656,43922.0
1757015249.6677916,1757015249235,1757015249235,0.18613,16217.0,0.18615,34916.0,0.1861,48907.0,0.18616,34914.0,0.18609,5998.0,0.18617,34912.0,0.18608,5376.0,0.18618,34910.0,0.18603,107468.0,0.18619,34910.0,0.18602,5466.0,0.1862,34908.0,0.186,25941.0,0.1863,12727.0,0.18599,54116.0,0.18631,155895.0,0.18596,1050.0,0.18632,16599.0,0.18595,134416.0,0.18633,40223.0,0.18594,82066.0,0.18634,5335.0,0.18593,5598.0,0.18635,31707.0,0.18592,27940.0,0.18636,40131.0,0.18591,2092.0,0.18638,134132.0,0.1859,141149.0,0.18639,31680.0,0.18589,207573.0,0.18642,6417.0,0.18587,7219.0,0.18643,83676.0,0.18586,15662.0,0.18644,40223.0,0.18585,27770.0,0.18649,43714.0,0.18584,44394.0,0.1865,181531.0
1757015250.7501085,1757015249977,1757015249977,0.1861,48907.0,0.18621,14301.0,0.18609,5998.0,0.18623,24974.0,0.18608,27284.0,0.18624,2226.0,0.18604,40006.0,0.18625,2376.0,0.18603,107468.0,0.18628,36723.0,0.18602,26366.0,0.18629,107378.0,0.18601,27169.0,0.18631,31782.0,0.186,31276.0,0.18633,40223.0,0.18599,67555.0,0.18634,5335.0,0.18596,1050.0,0.18635,14135.0,0.18595,134416.0,0.18636,23856.0,0.18594,82066.0,0.18637,17522.0,0.18593,5598.0,0.18638,148264.0,0.18592,10014.0,0.18639,3578.0,0.18591,20267.0,0.18642,6417.0,0.1859,76179.0,0.18643,83676.0,0.18589,209187.0,0.18644,57582.0,0.18587,7219.0,0.18649,43714.0,0.18586,12075.0,0.1865,181531.0,0.18585,27770.0,0.18651,5335.0
1757015250.951882,1757015250391,1757015250391,0.1861,48907.0,0.18611,69888.0,0.18609,5998.0,0.18612,69884.0,0.18608,27284.0,0.18613,69880.0,0.18604,24006.0,0.18621,14301.0,0.18603,135624.0,0.18623,24974.0,0.18602,5466.0,0.18624,2226.0,0.18601,27169.0,0.18625,10428.0,0.186,31276.0,0.18627,3000.0,0.18599,51162.0,0.18628,36723.0,0.18596,1050.0,0.18629,107378.0,0.18595,134416.0,0.18631,31247.0,0.18594,82066.0,0.18633,41223.0,0.18593,6598.0,0.18634,5335.0,0.18592,13014.0,0.18635,42243.0,0.18591,22267.0,0.18636,23856.0,0.1859,49604.0,0.18637,17522.0,0.18589,181402.0,0.18638,148264.0,0.18587,7219.0,0.18639,19482.0,0.18586,12075.0,0.1864,1988.0,0.18585,27770.0,0.18643,83676.0
1757015251.2642484,1757015250927,1757015250927,0.1861,47453.0,0.18611,8515.0,0.18608,5376.0,0.18614,2254.0,0.18605,8061.0,0.18615,7479.0,0.186,31276.0,0.18619,6417.0,0.18599,34945.0,0.1862,3980.0,0.18595,107531.0,0.18621,12847.0,0.18593,2834.0,0.18622,21552.0,0.18592,10544.0,0.18623,107381.0,0.18591,18175.0,0.18624,20888.0,0.1859,27942.0,0.18625,35061.0,0.18587,5335.0,0.18626,5967.0,0.18586,8307.0,0.18627,1000.0,0.18585,27770.0,0.1863,83856.0,0.18584,16217.0,0.18631,16101.0,0.18583,5151.0,0.18633,41223.0,0.18582,139995.0,0.18634,5335.0,0.18581,88820.0,0.18635,12147.0,0.1858,16381.0,0.18636,7952.0,0.18579,21934.0,0.18637,17522.0,0.18578,84264.0,0.18638,134132.0
1757015251.9030554,1757015251485,1757015251485,0.18601,40303.0,0.18611,49739.0,0.186,150.0,0.18613,107447.0,0.18596,16217.0,0.18614,11241.0,0.18593,28171.0,0.18615,4234.0,0.18592,20912.0,0.18616,1990.0,0.1859,28568.0,0.18619,23939.0,0.18586,24006.0,0.1862,29345.0,0.18585,107557.0,0.18621,40075.0,0.18584,16217.0,0.18622,16217.0,0.18583,5339.0,0.18623,21937.0,0.18582,34509.0,0.18624,18662.0,0.18581,28908.0,0.18625,6022.0,0.1858,16381.0,0.18627,26840.0,0.18579,33122.0,0.18629,134218.0,0.18578,107374.0,0.1863,82066.0,0.18576,44295.0,0.18632,5446.0,0.18574,24006.0,0.18633,40223.0,0.18573,156715.0,0.18634,10781.0,0.18572,26924.0,0.18635,1988.0,0.18571,27020.0,0.18636,10795.0
1757015252.589133,1757015252120,1757015252120,0.18603,144182.0,0.18604,2356.0,0.18602,144190.0,0.18605,535.0,0.18601,144198.0,0.1861,88644.0,0.186,150.0,0.18611,49739.0,0.18597,16217.0,0.18613,107453.0,0.18594,8065.0,0.18614,22075.0,0.18592,30864.0,0.18615,16732.0,0.18591,6789.0,0.18616,47173.0,0.1859,50476.0,0.18618,17325.0,0.18587,16000.0,0.18619,23939.0,0.18586,122072.0,0.1862,49394.0,0.18585,123557.0,0.18621,40075.0,0.18584,32217.0,0.18622,16217.0,0.18583,10984.0,0.18624,196066.0,0.18582,11862.0,0.18625,10631.0,0.18581,26778.0,0.18626,134221.0,0.1858,16381.0,0.18628,17359.0,0.18579,34917.0,0.1863,82066.0,0.18578,19936.0,0.18632,5446.0,0.18576,1994.0,0.18633,40223.0
1757015253.1279233,1757015252667,1757015252667,0.186,150.0,0.18605,535.0,0.18597,5335.0,0.1861,24974.0,0.18595,28168.0,0.18611,11601.0,0.18594,16217.0,0.18614,22086.0,0.18593,141130.0,0.18615,94564.0,0.18592,26271.0,0.18616,47173.0,0.18591,5335.0,0.18617,107424.0,0.1859,8067.0,0.18619,23939.0,0.18587,40006.0,0.1862,15415.0,0.18586,98066.0,0.18621,40075.0,0.18585,150499.0,0.18622,16217.0,0.18584,16217.0,0.18623,26846.0,0.18583,5645.0,0.18624,186731.0,0.18582,35352.0,0.18625,6022.0,0.18581,26778.0,0.18626,162342.0,0.1858,16381.0,0.18628,17359.0,0.18579,7748.0,0.1863,82066.0,0.18578,19936.0,0.18632,5446.0,0.18576,1994.0,0.18633,40223.0,0.18575,42304.0,0.18634,10781.0
1757015253.7609928,1757015253273,1757015253273,0.18602,16217.0,0.18605,535.0,0.18601,27314.0,0.18609,1454.0,0.186,56953.0,0.1861,24974.0,0.18597,24006.0,0.18611,11601.0,0.18596,8065.0,0.18614,4496.0,0.18595,53277.0,0.18615,8057.0,0.18594,16217.0,0.18616,45183.0,0.18593,125130.0,0.18617,131308.0,0.18592,26271.0,0.18619,23939.0,0.18591,5335.0,0.1862,13425.0,0.1859,8067.0,0.18621,40075.0,0.18588,27169.0,0.18622,21552.0,0.18587,40006.0,0.18623,26846.0,0.18586,82066.0,0.18624,187731.0,0.18585,134499.0,0.18625,6022.0,0.18584,16217.0,0.18626,162342.0,0.18583,5645.0,0.18627,14132.0,0.18582,33257.0,0.18628,17359.0,0.18581,33778.0,0.1863,105934.0,0.1858,16381.0,0.18632,5446.0
1757015254.2147226,1757015253795,1757015253795,0.186,57153.0,0.18605,535.0,0.18596,115590.0,0.18608,5335.0,0.18594,16217.0,0.1861,24974.0,0.18592,5359.0,0.18611,11601.0,0.1859,8067.0,0.18613,16217.0,0.18588,27169.0,0.18614,4496.0,0.18587,29381.0,0.18615,8057.0,0.18585,134499.0,0.18616,110629.0,0.18584,16217.0,0.18617,116394.0,0.18583,5645.0,0.18619,45654.0,0.18582,41233.0,0.18621,1791.0,0.18581,43748.0,0.18622,23343.0,0.1858,16381.0,0.18623,26846.0,0.18579,7748.0,0.18624,187731.0,0.18578,21551.0,0.18625,6022.0,0.18576,1994.0,0.18626,134221.0,0.18575,42304.0,0.18627,14132.0,0.18574,106072.0,0.18628,17359.0,0.18573,16393.0,0.1863,105934.0,0.18572,25345.0,0.18632,5446.0
1757015254.7494957,1757015254369,1757015254369,0.18604,40223.0,0.18605,535.0,0.18602,84768.0,0.18609,24006.0,0.18601,35587.0,0.1861,6617.0,0.186,57153.0,0.18614,2172.0,0.18597,25109.0,0.18615,107437.0,0.18592,8222.0,0.18616,28563.0,0.18589,82066.0,0.18617,3000.0,0.18587,5375.0,0.18619,17522.0,0.18585,107584.0,0.1862,5335.0,0.18583,11116.0,0.18623,24006.0,0.18582,5982.0,0.18624,185439.0,0.18581,36407.0,0.18626,134221.0,0.1858,16381.0,0.18627,14132.0,0.18579,1795.0,0.18628,17359.0,0.18578,17738.0,0.1863,111901.0,0.18576,136555.0,0.18632,5446.0,0.18574,24006.0,0.18633,40223.0,0.18573,16393.0,0.18634,14928.0,0.18572,21355.0,0.18636,10138.0,0.18571,32402.0,0.18637,8545.0
1757015255.8385725,1757015255153,1757015255153,0.1859,40223.0,0.18598,34998.0,0.18589,5893.0,0.18599,34996.0,0.18584,138146.0,0.186,34994.0,0.18583,10775.0,0.18601,34992.0,0.18582,2579.0,0.18602,34990.0,0.18581,48612.0,0.18603,34988.0,0.1858,16381.0,0.18604,158423.0,0.18579,28193.0,0.18605,20897.0,0.18578,31192.0,0.18606,8061.0,0.18577,16217.0,0.18608,7964.0,0.18576,218608.0,0.1861,6617.0,0.18574,50922.0,0.18611,111069.0,0.18573,199278.0,0.18612,16217.0,0.18572,27427.0,0.18614,11048.0,0.18571,34397.0,0.18615,82066.0,0.18569,20108.0,0.18617,1990.0,0.18568,31121.0,0.18619,13426.0,0.18565,1337.0,0.1862,11940.0,0.18564,52488.0,0.18623,217972.0,0.18563,21954.0,0.18624,8468.0
1757015255.9861968,1757015255517,1757015255517,0.1859,45887.0,0.18598,69996.0,0.18589,5893.0,0.18599,109303.0,0.18587,1479.0,0.186,122479.0,0.18585,16000.0,0.18601,122472.0,0.18584,138146.0,0.18602,104970.0,0.18583,10775.0,0.18603,104964.0,0.18582,2579.0,0.18604,91774.0,0.18581,48612.0,0.18605,5335.0,0.1858,16381.0,0.18606,8061.0,0.18579,28193.0,0.18608,7964.0,0.18578,31192.0,0.1861,6417.0,0.18577,16217.0,0.18611,111069.0,0.18576,218608.0,0.18612,16217.0,0.18574,50922.0,0.18614,8648.0,0.18573,199278.0,0.18615,82066.0,0.18572,32762.0,0.18617,7729.0,0.18571,1995.0,0.18619,13426.0,0.18569,20108.0,0.1862,13930.0,0.18568,31121.0,0.18623,217972.0,0.18565,1337.0,0.18626,134221.0
1757015256.488131,1757015256065,1757015256065,0.18583,8070.0,0.18585,6403.0,0.18573,3092.0,0.18586,6402.0,0.18572,3047.0,0.18587,7402.0,0.18568,5376.0,0.18588,6401.0,0.18563,141002.0,0.18589,6401.0,0.1856,25791.0,0.1859,6401.0,0.18558,1617.0,0.18594,2300.0,0.18556,377.0,0.18597,191123.0,0.18554,16217.0,0.18598,134950.0,0.18553,1887.0,0.18599,40223.0,0.18552,134710.0,0.186,82066.0,0.18551,43108.0,0.18601,24974.0,0.1855,47589.0,0.18602,26609.0,0.18546,24006.0,0.18603,11009.0,0.18543,5928.0,0.18604,13756.0,0.18542,104866.0,0.18605,40387.0,0.18541,76223.0,0.18606,28152.0,0.1854,69955.0,0.18609,24006.0,0.18536,87595.0,0.18611,16639.0,0.18534,134845.0,0.18612,16217.0
1757015256.986133,1757015256614,1757015256614,0.18572,28203.0,0.18578,19257.0,0.1857,56953.0,0.18579,19257.0,0.18569,24006.0,0.1858,12838.0,0.18568,25109.0,0.18581,6418.0,0.18566,22104.0,0.18582,6418.0,0.18564,107643.0,0.18583,6418.0,0.18563,32489.0,0.18584,14647.0,0.1856,25791.0,0.18586,16217.0,0.18558,19279.0,0.18587,2000.0,0.18556,24383.0,0.18588,1993.0,0.18555,182513.0,0.18591,6417.0,0.18554,16217.0,0.18593,19781.0,0.18553,183131.0,0.18594,2300.0,0.18551,5991.0,0.18595,28563.0,0.1855,49586.0,0.18597,123622.0,0.18549,16393.0,0.18598,535.0,0.18548,28927.0,0.18599,16217.0,0.18547,82066.0,0.186,84058.0,0.18546,24006.0,0.18602,19145.0,0.18543,5928.0,0.18603,11009.0
1757015257.6293676,1757015257140,1757015257140,0.18577,16217.0,0.18578,535.0,0.18573,59040.0,0.18588,3986.0,0.18572,4206.0,0.18591,10953.0,0.18571,16000.0,0.18592,25799.0,0.18567,107696.0,0.18593,18641.0,0.18566,16217.0,0.18594,6254.0,0.18565,16000.0,0.18595,28563.0,0.18564,110281.0,0.18596,123760.0,0.18563,40437.0,0.18597,16090.0,0.18562,5996.0,0.186,116203.0,0.18561,1996.0,0.18601,13438.0,0.1856,25791.0,0.18602,36667.0,0.18558,17662.0,0.18603,11009.0,0.18556,24383.0,0.18604,201431.0,0.18555,134693.0,0.18605,33970.0,0.18554,37570.0,0.18607,24006.0,0.18553,188649.0,0.18608,151704.0,0.18551,15976.0,0.1861,5973.0,0.1855,2147.0,0.18611,21111.0,0.18549,16393.0,0.18612,22033.0
1757015258.159795,1757015257700,1757015257700,0.18575,25357.0,0.18578,535.0,0.18574,16217.0,0.18584,1489.0,0.18573,3103.0,0.18588,24974.0,0.18572,132784.0,0.1859,14802.0,0.18569,16000.0,0.18591,11752.0,0.18568,24006.0,0.18593,2376.0,0.18567,49186.0,0.18594,43721.0,0.18566,16217.0,0.18595,28563.0,0.18565,98066.0,0.18596,123760.0,0.18563,46629.0,0.18597,16090.0,0.18562,5996.0,0.18598,5976.0,0.18561,9980.0,0.18599,3984.0,0.1856,39258.0,0.186,94018.0,0.18558,21256.0,0.18601,15430.0,0.18556,24383.0,0.18602,17522.0,0.18555,134693.0,0.18603,12801.0,0.18554,37570.0,0.18604,202842.0,0.18553,188649.0,0.18605,33970.0,0.18551,15976.0,0.18607,24006.0,0.1855,2147.0,0.18608,151704.0
1757015258.5631125,1757015258215,1757015258215,0.18576,45819.0,0.18578,535.0,0.18575,33430.0,0.18593,2376.0,0.18574,49752.0,0.18594,2104.0,0.18573,3103.0,0.18595,28563.0,0.18572,110364.0,0.18598,5976.0,0.1857,17611.0,0.18599,111517.0,0.18569,16000.0,0.18601,13438.0,0.18568,16000.0,0.18602,17522.0,0.18567,164087.0,0.18603,9922.0,0.18566,16217.0,0.18604,202842.0,0.18565,98066.0,0.18605,48831.0,0.18563,46629.0,0.18607,52156.0,0.18562,5996.0,0.18608,17359.0,0.18561,9980.0,0.1861,19910.0,0.1856,39258.0,0.18611,1991.0,0.18558,21256.0,0.18612,156369.0,0.18557,42345.0,0.18614,15800.0,0.18556,24383.0,0.18615,82066.0,0.18554,37570.0,0.18616,5318.0,0.18553,188649.0,0.18617,8356.0
1757015259.2830675,1757015258840,1757015258840,0.18577,131141.0,0.1859,1491.0,0.18576,5469.0,0.18591,24974.0,0.18575,8073.0,0.18593,26382.0,0.18574,44417.0,0.18594,24972.0,0.18573,19103.0,0.18595,28563.0,0.18572,2720.0,0.18598,5976.0,0.18571,25109.0,0.18599,127734.0,0.1857,22946.0,0.18601,13438.0,0.18569,16000.0,0.18602,17522.0,0.18568,16000.0,0.18603,91988.0,0.18567,164087.0,0.18604,202842.0,0.18566,16217.0,0.18605,48831.0,0.18565,82066.0,0.18607,52156.0,0.18563,44034.0,0.18608,17359.0,0.18562,5996.0,0.1861,21901.0,0.18561,11976.0,0.18611,1991.0,0.1856,39258.0,0.18612,156369.0,0.18558,21256.0,0.18614,11257.0,0.18557,42345.0,0.18615,82066.0,0.18556,24383.0,0.18616,5318.0
1757015259.8796759,1757015259411,1757015259411,0.18583,16217.0,0.1859,1491.0,0.18578,45701.0,0.18593,26382.0,0.18577,6011.0,0.18594,16906.0,0.18576,5335.0,0.18595,33898.0,0.18575,107642.0,0.18597,30028.0,0.18574,16217.0,0.18598,36140.0,0.18573,3103.0,0.18599,127734.0,0.18572,2720.0,0.18601,13438.0,0.18571,25109.0,0.18602,17522.0,0.1857,17611.0,0.18603,91988.0,0.18568,1000.0,0.18604,202842.0,0.18567,142703.0,0.18605,48831.0,0.18566,16217.0,0.18607,24006.0,0.18563,38699.0,0.18608,17359.0,0.18562,5996.0,0.1861,33847.0,0.18561,13976.0,0.18611,7964.0,0.1856,40258.0,0.18612,156369.0,0.18558,21256.0,0.18614,11257.0,0.18557,1617.0,0.18615,103172.0,0.18556,24383.0,0.18616,5318.0
1757015260.7147903,1757015260222,1757015260222,0.18583,166504.0,0.18584,1488.0,0.18582,166514.0,0.18588,3986.0,0.18581,166522.0,0.18589,65348.0,0.1858,166532.0,0.18591,8024.0,0.18579,166540.0,0.18593,40280.0,0.18578,166550.0,0.18594,109628.0,0.18576,34993.0,0.18596,8065.0,0.18573,28202.0,0.18597,6000.0,0.18572,3029.0,0.18598,7976.0,0.1857,200.0,0.18599,3984.0,0.18569,8076.0,0.186,1992.0,0.18568,106072.0,0.18601,1992.0,0.18567,107678.0,0.18602,30959.0,0.18566,21552.0,0.18603,9922.0,0.18563,32507.0,0.18604,198025.0,0.18562,5362.0,0.18605,21960.0,0.1856,39258.0,0.18607,50874.0,0.18559,134677.0,0.18608,151717.0,0.18558,39152.0,0.1861,61084.0,0.18557,25623.0,0.18611,7964.0
1757015260.8694162,1757015260450,1757015260450,0.18583,238289.0,0.18588,1993.0,0.18582,166514.0,0.18591,14802.0,0.18581,166522.0,0.18593,16274.0,0.1858,166532.0,0.18594,4523.0,0.18579,166540.0,0.18596,8065.0,0.18578,166550.0,0.18597,6000.0,0.18576,34993.0,0.18598,7976.0,0.18574,107663.0,0.18599,3984.0,0.18573,2747.0,0.186,200.0,0.18572,3029.0,0.18601,109543.0,0.1857,200.0,0.18602,30959.0,0.18569,8076.0,0.18603,3584.0,0.18568,106072.0,0.18604,202923.0,0.18567,16000.0,0.18605,21960.0,0.18566,21552.0,0.18607,50874.0,0.18563,38363.0,0.18608,151717.0,0.18562,5362.0,0.1861,33847.0,0.18561,1996.0,0.18611,7964.0,0.1856,25791.0,0.18612,22033.0,0.18559,134677.0,0.18614,11257.0
1757015261.5284925,1757015260989,1757015260989,0.18584,16217.0,0.18591,14802.0,0.18576,24290.0,0.18594,6010.0,0.18574,30444.0,0.18596,8065.0,0.18573,2747.0,0.18597,6000.0,0.18572,3029.0,0.18598,7976.0,0.18571,2692.0,0.18599,11952.0,0.1857,17621.0,0.186,28763.0,0.18569,115738.0,0.18601,107551.0,0.18568,111880.0,0.18602,47176.0,0.18567,5477.0,0.18603,5376.0,0.18566,16217.0,0.18604,204715.0,0.18564,13464.0,0.18605,21960.0,0.18563,38363.0,0.18607,50874.0,0.18562,5362.0,0.18608,151717.0,0.18561,5988.0,0.1861,39820.0,0.1856,27787.0,0.18611,11946.0,0.18559,136474.0,0.18612,22033.0,0.18558,40949.0,0.18614,11257.0,0.18557,25623.0,0.18615,103172.0,0.18556,42724.0,0.18616,5318.0
1757015261.9475112,1757015261535,1757015261535,0.18579,1486.0,0.18591,14802.0,0.18576,16217.0,0.18592,6417.0,0.18574,30444.0,0.18594,30984.0,0.18573,2747.0,0.18597,6000.0,0.18572,3029.0,0.18598,7976.0,0.18571,2692.0,0.18599,11952.0,0.1857,17621.0,0.186,28563.0,0.18569,107662.0,0.18601,107551.0,0.18568,111880.0,0.18602,39074.0,0.18567,5477.0,0.18603,5376.0,0.18566,16217.0,0.18604,204715.0,0.18564,13464.0,0.18605,21960.0,0.18563,38363.0,0.18607,79024.0,0.18562,5362.0,0.18608,151717.0,0.18561,5988.0,0.1861,39820.0,0.1856,27787.0,0.18611,11946.0,0.18559,136474.0,0.18612,24123.0,0.18558,40949.0,0.18614,11257.0,0.18557,25623.0,0.18615,82066.0,0.18556,42724.0,0.18616,5318.0
1757015262.608458,1757015262142,1757015262142,0.18593,244313.0,0.18594,24974.0,0.18592,244328.0,0.18598,107551.0,0.18591,244340.0,0.186,28563.0,0.18585,51676.0,0.18602,17522.0,0.18584,16217.0,0.18603,20516.0,0.18583,3087.0,0.18604,14132.0,0.18582,2634.0,0.18606,24006.0,0.18581,98066.0,0.18607,21895.0,0.1858,24006.0,0.18608,151717.0,0.18579,28193.0,0.1861,39820.0,0.18576,16217.0,0.18611,11946.0,0.18575,16000.0,0.18612,24123.0,0.18574,25109.0,0.18614,16346.0,0.18573,11172.0,0.18615,82066.0,0.18572,1000.0,0.18616,5318.0,0.18571,129350.0,0.18617,8356.0,0.1857,17621.0,0.18618,4178.0,0.18568,106072.0,0.18619,4136.0,0.18566,16217.0,0.1862,21051.0,0.18565,1344.0,0.18621,1880.0
1757015263.0473237,1757015262641,1757015262641,0.18576,16217.0,0.18579,8203.0,0.18574,25109.0,0.1858,8203.0,0.18573,5419.0,0.18581,8203.0,0.18571,107658.0,0.18582,8202.0,0.1857,17621.0,0.18583,8202.0,0.18568,111407.0,0.18584,8201.0,0.18566,16217.0,0.18593,40354.0,0.18563,43586.0,0.18594,151971.0,0.18562,177949.0,0.18595,6417.0,0.18561,11976.0,0.18596,1486.0,0.1856,27787.0,0.18598,1992.0,0.18559,136474.0,0.18602,45680.0,0.18558,40949.0,0.18603,20516.0,0.18557,25623.0,0.18604,42241.0,0.18556,377.0,0.18606,24006.0,0.18554,37570.0,0.18607,1000.0,0.18553,52862.0,0.18608,151717.0,0.18552,5906.0,0.1861,45793.0,0.1855,150.0,0.18611,11946.0,0.18549,16393.0,0.18612,22033.0
1757015263.592381,1757015263143,1757015263143,0.18593,81457.0,0.18594,2341.0,0.18592,16217.0,0.18598,16274.0,0.18589,1484.0,0.18599,1992.0,0.18587,82066.0,0.186,1484.0,0.18586,40332.0,0.18602,125027.0,0.18584,16217.0,0.18603,2166.0,0.18581,25109.0,0.18604,49565.0,0.18578,24006.0,0.18607,1000.0,0.18577,160422.0,0.18608,17359.0,0.18576,44414.0,0.1861,1991.0,0.18575,21381.0,0.18611,1991.0,0.18574,1994.0,0.18612,22033.0,0.18573,8009.0,0.18614,14671.0,0.18571,134601.0,0.18616,139619.0,0.1857,19616.0,0.18617,8356.0,0.18568,111407.0,0.18618,4178.0,0.18566,16217.0,0.18619,177975.0,0.18565,1344.0,0.1862,26301.0,0.18563,10478.0,0.18621,2930.0,0.18562,177949.0,0.18623,40223.0
1757015263.9788625,1757015263658,1757015263658,0.18599,81431.0,0.186,1484.0,0.18598,81435.0,0.18601,24974.0,0.18597,244317.0,0.18602,125027.0,0.18596,162888.0,0.18603,2301.0,0.18595,162896.0,0.18604,67637.0,0.18594,162906.0,0.18607,21895.0,0.18593,81457.0,0.18608,17359.0,0.18592,16217.0,0.18609,15424.0,0.18589,1484.0,0.18612,22033.0,0.18588,40006.0,0.18613,5335.0,0.18587,82066.0,0.18614,14743.0,0.18584,24287.0,0.18615,26857.0,0.18583,2761.0,0.18616,139619.0,0.18582,2634.0,0.18617,8356.0,0.18581,25109.0,0.18618,4178.0,0.18579,107613.0,0.18619,177975.0,0.18578,24006.0,0.1862,28291.0,0.18577,73708.0,0.18621,2930.0,0.18576,16217.0,0.18623,40223.0,0.18575,48550.0,0.18625,21273.0
1757015264.603083,1757015264195,1757015264195,0.18599,81431.0,0.186,26458.0,0.18592,16217.0,0.18602,125027.0,0.18589,1484.0,0.18603,8718.0,0.18588,24006.0,0.18604,69109.0,0.18587,82066.0,0.18607,21895.0,0.18584,24287.0,0.18608,21341.0,0.18583,8163.0,0.18609,19406.0,0.18582,2634.0,0.18612,22033.0,0.18581,25109.0,0.18613,7126.0,0.18579,121829.0,0.18614,16534.0,0.18578,24006.0,0.18615,26857.0,0.18577,50230.0,0.18616,139619.0,0.18576,16217.0,0.18617,8356.0,0.18575,27169.0,0.18618,4178.0,0.18574,1994.0,0.18619,177975.0,0.18573,11403.0,0.1862,28291.0,0.18571,7980.0,0.18621,2930.0,0.1857,1995.0,0.18623,40223.0,0.18568,130256.0,0.18625,21273.0,0.18567,134600.0,0.18628,16704.0
1757015266.9393709,1757015264947,1757015264947,0.18592,16217.0,0.186,41260.0,0.18589,1484.0,0.18602,125027.0,0.18588,24006.0,0.18603,8718.0,0.18587,82066.0,0.18604,69109.0,0.18584,24287.0,0.18605,5335.0,0.18583,8163.0,0.18607,1000.0,0.18582,23557.0,0.18608,21341.0,0.18581,25109.0,0.18609,19406.0,0.1858,16000.0,0.18612,22033.0,0.18579,113626.0,0.18613,7126.0,0.18578,24006.0,0.18614,16534.0,0.18577,32292.0,0.18615,108923.0,0.18576,16217.0,0.18616,139619.0,0.18575,27169.0,0.18617,8356.0,0.18574,1994.0,0.18618,4178.0,0.18573,11403.0,0.18619,177975.0,0.18571,7980.0,0.1862,28291.0,0.1857,1995.0,0.18621,2930.0,0.18568,130256.0,0.18623,40223.0,0.18567,134600.0,0.18625,21273.0
1757015268.2979293,1757015266037,1757015266037,0.18589,1484.0,0.18597,2000.0,0.18588,24006.0,0.186,41260.0,0.18587,17619.0,0.18602,139506.0,0.18584,16217.0,0.18603,2301.0,0.18583,8163.0,0.18604,32485.0,0.18582,2634.0,0.18607,4982.0,0.18581,25109.0,0.18608,25323.0,0.1858,95472.0,0.18609,19406.0,0.18579,113626.0,0.18612,23825.0,0.18578,24006.0,0.18613,8917.0,0.18577,8073.0,0.18614,16534.0,0.18576,16217.0,0.18615,26857.0,0.18575,27169.0,0.18616,139619.0,0.18574,1994.0,0.18617,8356.0,0.18573,11403.0,0.18618,4178.0,0.18571,11970.0,0.18619,177975.0,0.1857,4190.0,0.1862,46201.0,0.18568,130256.0,0.18621,2930.0,0.18567,134600.0,0.18623,40223.0,0.18566,16217.0,0.18625,21273.0
1757015268.5251226,1757015266470,1757015266470,0.18589,1484.0,0.18597,2000.0,0.18588,24006.0,0.186,41260.0,0.18587,17619.0,0.18602,139506.0,0.18584,16217.0,0.18603,2301.0,0.18583,8163.0,0.18604,32485.0,0.18582,2634.0,0.18607,4982.0,0.18581,25109.0,0.18608,25323.0,0.1858,95472.0,0.18609,20456.0,0.18579,113626.0,0.18612,23825.0,0.18578,24006.0,0.18613,8917.0,0.18577,8073.0,0.18614,16534.0,0.18576,16217.0,0.18615,26857.0,0.18575,27169.0,0.18616,140669.0,0.18574,1994.0,0.18617,8356.0,0.18573,11403.0,0.18618,4178.0,0.18571,11970.0,0.18619,194619.0,0.1857,4190.0,0.1862,46201.0,0.18568,130256.0,0.18621,2930.0,0.18567,134600.0,0.18623,40223.0,0.18566,16217.0,0.18625,21273.0
1757015268.698258,1757015267277,1757015267277,0.18588,24006.0,0.186,41460.0,0.18584,16217.0,0.18602,131444.0,0.18583,8163.0,0.18603,2301.0,0.18582,2634.0,0.18604,16211.0,0.18581,41109.0,0.18606,28563.0,0.1858,87401.0,0.18607,4982.0,0.18579,113626.0,0.18608,25323.0,0.18578,24006.0,0.18609,20456.0,0.18577,8073.0,0.18611,1792.0,0.18576,16217.0,0.18612,23825.0,0.18575,27169.0,0.18613,32923.0,0.18574,1994.0,0.18614,16534.0,0.18573,11403.0,0.18615,82066.0,0.18571,20160.0,0.18616,156766.0,0.1857,4190.0,0.18617,8356.0,0.18568,130256.0,0.18618,4178.0,0.18567,134600.0,0.18619,194619.0,0.18566,16217.0,0.1862,56151.0,0.18565,1344.0,0.18621,2930.0,0.18564,16393.0,0.18623,40223.0
1757015268.7661326,1757015267420,1757015267420,0.18588,24006.0,0.186,41460.0,0.18584,16217.0,0.18602,131444.0,0.18583,8163.0,0.18603,2301.0,0.18582,2634.0,0.18604,16211.0,0.18581,41109.0,0.18606,28563.0,0.1858,87401.0,0.18607,25877.0,0.18579,113626.0,0.18608,25323.0,0.18578,24006.0,0.18609,20456.0,0.18577,8073.0,0.18611,1792.0,0.18576,16217.0,0.18612,23825.0,0.18575,27169.0,0.18613,32923.0,0.18574,1994.0,0.18614,16534.0,0.18573,11403.0,0.18615,82066.0,0.18571,20160.0,0.18616,156766.0,0.1857,4190.0,0.18617,8356.0,0.18568,130256.0,0.18618,4178.0,0.18567,134600.0,0.18619,194619.0,0.18566,16217.0,0.1862,58240.0,0.18565,1344.0,0.18621,2930.0,0.18564,16393.0,0.18623,40223.0
1757015268.8004403,1757015267590,1757015267590,0.18588,24006.0,0.186,49523.0,0.18584,16217.0,0.18602,131444.0,0.18583,8163.0,0.18603,2301.0,0.18582,10705.0,0.18604,16211.0,0.18581,25109.0,0.18606,28563.0,0.1858,87401.0,0.18607,25877.0,0.18579,113626.0,0.18608,25323.0,0.18578,24006.0,0.18609,20456.0,0.18577,8073.0,0.18611,1792.0,0.18576,16217.0,0.18612,50686.0,0.18575,27169.0,0.18613,32923.0,0.18574,1994.0,0.18614,16534.0,0.18573,11403.0,0.18615,82066.0,0.18571,20160.0,0.18616,156766.0,0.1857,4190.0,0.18617,8356.0,0.18568,130256.0,0.18618,4178.0,0.18567,134600.0,0.18619,194619.0,0.18566,16217.0,0.1862,58240.0,0.18565,1344.0,0.18621,2930.0,0.18564,16393.0,0.18623,40223.0
1757015268.8172402,1757015267993,1757015267993,0.18589,1474.0,0.186,24549.0,0.18588,24006.0,0.18602,125027.0,0.18584,16217.0,0.18603,2301.0,0.18583,2761.0,0.18604,16211.0,0.18582,10705.0,0.18606,28563.0,0.18581,25109.0,0.18607,25877.0,0.1858,87401.0,0.18608,25323.0,0.18579,113626.0,0.18609,20456.0,0.18578,24006.0,0.18611,1792.0,0.18577,8073.0,0.18612,50686.0,0.18576,16217.0,0.18613,32923.0,0.18575,27169.0,0.18614,38498.0,0.18574,1994.0,0.18615,82066.0,0.18573,11403.0,0.18616,156766.0,0.18571,20160.0,0.18617,8356.0,0.1857,3990.0,0.18618,4178.0,0.18568,130256.0,0.18619,198797.0,0.18567,134600.0,0.1862,62418.0,0.18566,16217.0,0.18621,2930.0,0.18565,1344.0,0.18623,40223.0
1757015269.012829,1757015268513,1757015268513,0.18589,21710.0,0.18599,24974.0,0.18588,24006.0,0.186,24549.0,0.18584,16217.0,0.18602,125027.0,0.18583,2761.0,0.18603,2301.0,0.18582,26705.0,0.18604,16211.0,0.18581,46033.0,0.18606,28563.0,0.1858,87401.0,0.18607,4982.0,0.18579,107613.0,0.18608,25323.0,0.18578,24006.0,0.18609,20456.0,0.18577,8073.0,0.18611,1792.0,0.18576,16217.0,0.18612,50686.0,0.18575,27169.0,0.18613,8917.0,0.18574,1994.0,0.18614,38498.0,0.18573,11403.0,0.18615,82066.0,0.18571,20160.0,0.18616,156766.0,0.1857,22080.0,0.18617,8356.0,0.18568,308276.0,0.18618,4178.0,0.18567,134600.0,0.18619,198797.0,0.18566,16217.0,0.1862,62418.0,0.18565,1344.0,0.18621,2930.0
1757015269.481246,1757015269029,1757015269029,0.18592,16217.0,0.18599,24974.0,0.18589,21710.0,0.186,14802.0,0.18588,24006.0,0.18602,125027.0,0.18584,16217.0,0.18603,2301.0,0.18583,2761.0,0.18604,16211.0,0.18582,18634.0,0.18606,39527.0,0.18581,25109.0,0.18607,19937.0,0.1858,87401.0,0.18608,25323.0,0.18579,108613.0,0.18609,7023.0,0.18578,24006.0,0.18611,1792.0,0.18577,8073.0,0.18612,50686.0,0.18576,16217.0,0.18613,8917.0,0.18575,27169.0,0.18614,38498.0,0.18574,1994.0,0.18616,156766.0,0.18573,14403.0,0.18617,8356.0,0.18572,3990.0,0.18618,4178.0,0.18571,22155.0,0.18619,198797.0,0.1857,25670.0,0.1862,62418.0,0.18568,308276.0,0.18621,2930.0,0.18567,134600.0,0.18623,40223.0
1757015270.0749173,1757015269544,1757015269544,0.18593,8091.0,0.18599,24974.0,0.18592,16217.0,0.186,14802.0,0.18589,1474.0,0.18602,125027.0,0.18588,24006.0,0.18603,10363.0,0.18584,24287.0,0.18604,32485.0,0.18583,126369.0,0.18606,39527.0,0.18582,39557.0,0.18607,40832.0,0.18581,25109.0,0.18608,25323.0,0.1858,87401.0,0.18609,7023.0,0.18579,1000.0,0.1861,13432.0,0.18578,29954.0,0.18611,1792.0,0.18577,8073.0,0.18612,34469.0,0.18576,21755.0,0.18613,8917.0,0.18575,27169.0,0.18614,38498.0,0.18574,1994.0,0.18616,156766.0,0.18573,14403.0,0.18617,8356.0,0.18572,3990.0,0.18618,4178.0,0.18571,22155.0,0.18619,198797.0,0.1857,25670.0,0.1862,62418.0,0.18568,308276.0,0.18621,2930.0
1757015270.8525443,1757015270310,1757015270310,0.18592,16217.0,0.186,1468.0,0.18588,25473.0,0.18603,2301.0,0.18585,16000.0,0.18604,16211.0,0.18584,32217.0,0.18605,107494.0,0.18583,126369.0,0.18606,39527.0,0.18582,23557.0,0.18607,19937.0,0.1858,87401.0,0.18608,25323.0,0.18579,1000.0,0.18609,7023.0,0.18578,29954.0,0.1861,30954.0,0.18577,5378.0,0.18611,1792.0,0.18576,27034.0,0.18612,1792.0,0.18575,27169.0,0.18613,3582.0,0.18574,1994.0,0.18614,38498.0,0.18573,14403.0,0.18615,98283.0,0.18572,3990.0,0.18616,156766.0,0.18571,22155.0,0.18617,8356.0,0.1857,25670.0,0.18618,6267.0,0.18568,359034.0,0.18619,198797.0,0.18567,155718.0,0.1862,44969.0,0.18566,16217.0,0.18621,2930.0
1757015271.1274903,1757015270637,1757015270637,0.18592,16217.0,0.186,1468.0,0.18588,25473.0,0.18601,24974.0,0.18587,5335.0,0.18602,14802.0,0.18585,16000.0,0.18603,117858.0,0.18584,32217.0,0.18604,16211.0,0.18583,151478.0,0.18606,39527.0,0.18582,23557.0,0.18607,40832.0,0.1858,87401.0,0.18608,25323.0,0.18579,14453.0,0.18609,7023.0,0.18578,29954.0,0.1861,30954.0,0.18577,5378.0,0.18611,1792.0,0.18576,27034.0,0.18612,7127.0,0.18575,27169.0,0.18613,3582.0,0.18574,28909.0,0.18614,65356.0,0.18573,14403.0,0.18615,98283.0,0.18572,3990.0,0.18616,156766.0,0.18571,22155.0,0.18617,8356.0,0.1857,25670.0,0.18618,6267.0,0.18568,359034.0,0.18619,198797.0,0.18567,155718.0,0.1862,44969.0
1757015271.730354,1757015271285,1757015271285,0.18598,24006.0,0.18599,24228.0,0.18593,2734.0,0.186,16129.0,0.18587,5378.0,0.18601,242051.0,0.18583,5568.0,0.18602,24006.0,0.18568,22844.0,0.18604,14132.0,0.18567,6732.0,0.18605,47140.0,0.18566,5974.0,0.18608,22769.0,0.18563,4227.0,0.1861,27810.0,0.1856,80151.0,0.18611,182265.0,0.18557,27374.0,0.18612,4664.0,0.18556,22070.0,0.18613,245043.0,0.18555,107753.0,0.18614,4161.0,0.18554,23887.0,0.18615,16217.0,0.18553,54091.0,0.18616,19297.0,0.18551,37185.0,0.18617,21641.0,0.1855,150.0,0.18619,16644.0,0.18547,1699.0,0.18623,49055.0,0.18546,167393.0,0.18625,12015.0,0.18543,9766.0,0.18626,1880.0,0.18542,101866.0,0.18627,23107.0
1757015272.2505715,1757015271798,1757015271798,0.18587,5378.0,0.18588,8182.0,0.18577,1790.0,0.18589,8181.0,0.18569,16000.0,0.1859,8181.0,0.18568,22844.0,0.18591,8180.0,0.18564,2748.0,0.18592,8180.0,0.18563,4227.0,0.18593,8180.0,0.18561,16000.0,0.18594,32555.0,0.1856,80151.0,0.18597,16098.0,0.18559,8081.0,0.18598,40372.0,0.18558,217854.0,0.18599,371818.0,0.18557,27374.0,0.186,37032.0,0.18556,5650.0,0.18601,538.0,0.18555,107753.0,0.18602,24006.0,0.18554,31725.0,0.18605,43248.0,0.18553,59257.0,0.18608,5410.0,0.18551,37185.0,0.1861,17610.0,0.1855,17653.0,0.18611,200031.0,0.18548,16281.0,0.18612,4664.0,0.18547,73752.0,0.18613,245043.0,0.18546,26817.0,0.18614,12186.0
1757015272.8319263,1757015272258,1757015272258,0.18569,16000.0,0.18582,82066.0,0.18568,22844.0,0.18586,9965.0,0.18564,2748.0,0.18588,56622.0,0.18563,4227.0,0.18589,24543.0,0.18562,16217.0,0.1859,29878.0,0.18561,16000.0,0.18591,24540.0,0.1856,80151.0,0.18592,25686.0,0.18558,217854.0,0.18593,29489.0,0.18557,27374.0,0.18594,317545.0,0.18556,5650.0,0.18597,16098.0,0.18555,107753.0,0.18599,158052.0,0.18554,31725.0,0.186,83032.0,0.18553,59257.0,0.18602,24006.0,0.18551,37185.0,0.18605,29812.0,0.1855,17653.0,0.18608,5410.0,0.18548,16281.0,0.1861,17610.0,0.18547,73752.0,0.18611,210700.0,0.18546,34187.0,0.18612,4664.0,0.18543,144537.0,0.18613,240369.0,0.18542,101866.0,0.18614,12186.0
1757015273.20669,1757015272788,1757015272788,0.18573,5575.0,0.1858,1795.0,0.18571,24006.0,0.18581,178856.0,0.18564,5141.0,0.18586,136499.0,0.18563,5998.0,0.18587,12790.0,0.1856,82066.0,0.18588,14695.0,0.18558,28652.0,0.1859,21965.0,0.18556,5650.0,0.18592,33976.0,0.18551,128386.0,0.18593,9126.0,0.1855,17653.0,0.18594,33629.0,0.18548,98347.0,0.18596,1992.0,0.18547,26621.0,0.18597,4184.0,0.18546,32064.0,0.18598,6276.0,0.18543,9766.0,0.18599,146004.0,0.18542,103864.0,0.186,27237.0,0.18541,32357.0,0.18602,24006.0,0.1854,131442.0,0.18603,139280.0,0.18537,144544.0,0.18605,16217.0,0.18536,33161.0,0.18607,5409.0,0.18535,7934.0,0.18608,5410.0,0.18534,5856.0,0.18609,20017.0
1757015273.627571,1757015273295,1757015273295,0.18573,5781.0,0.18576,1994.0,0.18572,16217.0,0.18583,4352.0,0.1857,6646.0,0.18589,107622.0,0.18564,19120.0,0.18593,146081.0,0.18563,3065.0,0.18594,33629.0,0.18561,29341.0,0.18596,1992.0,0.1856,82266.0,0.18597,9519.0,0.18556,5650.0,0.18598,6276.0,0.18555,107741.0,0.18599,49800.0,0.18554,21823.0,0.18601,5924.0,0.18553,6064.0,0.18602,24006.0,0.18552,178050.0,0.18605,16217.0,0.1855,19450.0,0.18607,5409.0,0.18549,36489.0,0.18608,5410.0,0.18548,98347.0,0.1861,189490.0,0.18547,168133.0,0.18611,215712.0,0.18546,26817.0,0.18613,106072.0,0.18543,9766.0,0.18614,27452.0,0.18542,4096.0,0.18615,20397.0,0.18541,32357.0,0.18617,48515.0
1757015274.2273045,1757015273902,1757015273902,0.18564,24455.0,0.18582,16217.0,0.18563,8326.0,0.18583,4429.0,0.18562,8079.0,0.1859,200.0,0.18561,52658.0,0.18591,115643.0,0.1856,5589.0,0.18592,240529.0,0.18556,5650.0,0.18593,13396.0,0.18555,285799.0,0.18594,33629.0,0.18554,27843.0,0.18595,28958.0,0.18553,19536.0,0.18596,1992.0,0.18552,1997.0,0.18597,23676.0,0.1855,59617.0,0.18598,6276.0,0.18549,31016.0,0.18601,36766.0,0.18548,98347.0,0.18602,24006.0,0.18547,26621.0,0.18603,8980.0,0.18546,5502.0,0.18605,16217.0,0.18544,134768.0,0.18607,5409.0,0.18542,2098.0,0.18608,5410.0,0.18541,32357.0,0.18609,5450.0,0.1854,121568.0,0.1861,27237.0,0.18537,8186.0,0.18611,209841.0
1757015274.764582,1757015274409,1757015274409,0.18576,3988.0,0.18581,107631.0,0.18575,1497.0,0.18582,23341.0,0.18572,16217.0,0.18583,4967.0,0.1857,56953.0,0.18584,14631.0,0.18565,62112.0,0.1859,1697.0,0.18564,41964.0,0.18592,158463.0,0.18563,85031.0,0.18593,14244.0,0.18562,16000.0,0.18594,35243.0,0.18561,52658.0,0.18596,1992.0,0.18558,5335.0,0.18597,18341.0,0.18556,21650.0,0.18598,6276.0,0.18555,285799.0,0.18601,36766.0,0.18554,27843.0,0.18602,24006.0,0.18553,13472.0,0.18605,16217.0,0.18552,1997.0,0.18607,5409.0,0.1855,59617.0,0.18608,5410.0,0.18549,31016.0,0.18609,5450.0,0.18548,98347.0,0.18611,205038.0,0.18547,21092.0,0.18612,20013.0,0.18542,2098.0,0.18613,106072.0
1757015275.29585,1757015274937,1757015274937,0.18575,1497.0,0.18581,108169.0,0.1857,56953.0,0.18583,4429.0,0.18566,16000.0,0.18585,3986.0,0.18565,16359.0,0.18586,20951.0,0.18564,57964.0,0.18587,18328.0,0.18563,85031.0,0.18588,28958.0,0.18562,16000.0,0.1859,1497.0,0.18561,52658.0,0.18592,158463.0,0.18559,116831.0,0.18593,14244.0,0.18558,13516.0,0.18594,35243.0,0.18557,5489.0,0.18596,1992.0,0.18556,5650.0,0.18597,31783.0,0.18555,178058.0,0.18598,6276.0,0.18554,30843.0,0.18599,3984.0,0.18553,13472.0,0.18601,23328.0,0.18552,7988.0,0.18602,24006.0,0.18551,1797.0,0.18605,16217.0,0.1855,61414.0,0.18607,5409.0,0.18549,31016.0,0.18608,5410.0,0.18548,98347.0,0.18609,5450.0
1757015276.051028,1757015275581,1757015275581,0.18575,1497.0,0.1858,6417.0,0.1857,56953.0,0.18581,538.0,0.18566,16000.0,0.18582,23341.0,0.18565,16000.0,0.18583,4429.0,0.18564,57964.0,0.18584,14631.0,0.18563,85031.0,0.18585,111617.0,0.18562,36946.0,0.18586,22944.0,0.18561,52658.0,0.18587,47314.0,0.1856,16000.0,0.18588,28958.0,0.18559,116831.0,0.1859,1497.0,0.18558,13516.0,0.18592,158463.0,0.18557,7485.0,0.18593,14244.0,0.18556,5650.0,0.18594,35243.0,0.18555,183442.0,0.18596,1992.0,0.18554,30843.0,0.18597,31783.0,0.18553,13472.0,0.18598,6276.0,0.18552,7988.0,0.18599,51792.0,0.18551,1797.0,0.18601,23328.0,0.1855,61414.0,0.18602,24006.0,0.18549,31016.0,0.18605,16217.0
1757015276.5189786,1757015276021,1757015276021,0.18575,1497.0,0.1858,6417.0,0.1857,56953.0,0.18581,108165.0,0.18566,16000.0,0.18582,23341.0,0.18565,16000.0,0.18583,4429.0,0.18564,57964.0,0.18584,14631.0,0.18563,85031.0,0.18585,20203.0,0.18562,36946.0,0.18586,32909.0,0.18561,52658.0,0.18587,47314.0,0.1856,16000.0,0.18588,28958.0,0.18559,108750.0,0.18589,1794.0,0.18558,13516.0,0.1859,1497.0,0.18557,7485.0,0.18592,158463.0,0.18556,5650.0,0.18593,14244.0,0.18555,183442.0,0.18594,35243.0,0.18554,30843.0,0.18596,1992.0,0.18553,13472.0,0.18597,31783.0,0.18552,13979.0,0.18598,6276.0,0.18551,1797.0,0.18599,55776.0,0.1855,63211.0,0.18601,23328.0,0.18549,31016.0,0.18602,24006.0
1757015276.9799178,1757015276522,1757015276522,0.18582,244680.0,0.18583,2060.0,0.18581,244692.0,0.18584,14631.0,0.1858,163136.0,0.18585,1993.0,0.18579,16217.0,0.18586,18944.0,0.18578,24006.0,0.18587,39245.0,0.18576,129861.0,0.18588,28958.0,0.18573,2653.0,0.18589,1794.0,0.18571,107680.0,0.18591,82066.0,0.1857,56953.0,0.18592,107560.0,0.18566,16000.0,0.18593,12048.0,0.18565,42754.0,0.18596,18108.0,0.18564,40581.0,0.18597,31783.0,0.18563,85031.0,0.18598,6276.0,0.18562,16000.0,0.18599,27888.0,0.18561,24006.0,0.18601,17404.0,0.1856,16000.0,0.18603,4596.0,0.18559,18631.0,0.18604,134376.0,0.18558,5335.0,0.18607,5409.0,0.18557,1996.0,0.18608,5410.0,0.18556,5650.0,0.18611,182474.0
1757015277.5015948,1757015277025,1757015277025,0.18588,163082.0,0.18593,4492.0,0.18587,163091.0,0.18594,23341.0,0.18586,163100.0,0.18595,107568.0,0.18585,163108.0,0.18596,1992.0,0.18584,163118.0,0.18597,41339.0,0.18583,81557.0,0.18598,6276.0,0.18582,163120.0,0.18599,28958.0,0.1858,1541.0,0.18601,18908.0,0.18579,16217.0,0.18602,24006.0,0.18576,28644.0,0.18603,25473.0,0.18574,2812.0,0.18607,5409.0,0.18573,2653.0,0.18608,5410.0,0.18571,16000.0,0.1861,82066.0,0.18569,30948.0,0.18611,178032.0,0.18568,16000.0,0.18612,151791.0,0.18567,107683.0,0.18613,24006.0,0.18565,16000.0,0.18614,39612.0,0.18564,30329.0,0.18615,20397.0,0.18563,101031.0,0.18617,21641.0,0.18561,24006.0,0.18618,1100.0
1757015278.11319,1757015277627,1757015277627,0.18591,25589.0,0.18592,24544.0,0.18589,16217.0,0.18593,4492.0,0.18581,24006.0,0.18594,16217.0,0.1858,110316.0,0.18596,85058.0,0.18579,16217.0,0.18597,25758.0,0.18578,82066.0,0.18598,29617.0,0.18577,38278.0,0.18599,28958.0,0.18576,22844.0,0.18601,134482.0,0.18574,2812.0,0.18603,9256.0,0.18573,2653.0,0.18606,5361.0,0.18569,30948.0,0.18607,26304.0,0.18566,11210.0,0.18609,15424.0,0.18564,27426.0,0.1861,82066.0,0.18563,82066.0,0.18611,183921.0,0.18562,134666.0,0.18612,151720.0,0.18561,24006.0,0.18614,39612.0,0.1856,26936.0,0.18615,20397.0,0.18559,18631.0,0.18617,21641.0,0.18558,74055.0,0.18618,6675.0,0.18557,1996.0,0.18619,17668.0
1757015278.6659312,1757015278202,1757015278202,0.18591,1582.0,0.18596,4000.0,0.1859,52438.0,0.18597,20574.0,0.18584,2624.0,0.18598,23341.0,0.18583,2753.0,0.18599,43589.0,0.18582,16000.0,0.186,8063.0,0.18581,24006.0,0.18601,17404.0,0.1858,126675.0,0.18602,2350.0,0.18579,55061.0,0.18603,2216.0,0.18578,82066.0,0.18605,7326.0,0.18576,8073.0,0.18606,113484.0,0.18574,19994.0,0.18607,20895.0,0.18569,44409.0,0.18609,37439.0,0.18567,26926.0,0.1861,82066.0,0.18566,5335.0,0.18611,5889.0,0.18565,1344.0,0.18612,205269.0,0.18564,21965.0,0.18613,9377.0,0.18563,82066.0,0.18614,17631.0,0.18562,134666.0,0.18615,18307.0,0.18561,24006.0,0.18618,6675.0,0.18558,39097.0,0.18619,47518.0
1757015279.184931,1757015278725,1757015278725,0.18601,81516.0,0.18603,4556.0,0.186,81520.0,0.18606,107511.0,0.18599,81525.0,0.18607,5335.0,0.18598,81529.0,0.18609,24006.0,0.18597,81533.0,0.18611,82066.0,0.18596,81538.0,0.18612,151720.0,0.18595,326120.0,0.18613,9664.0,0.18591,16217.0,0.18615,18307.0,0.1859,31479.0,0.18616,2090.0,0.18584,8233.0,0.18617,2089.0,0.18583,2753.0,0.18618,7664.0,0.18582,16000.0,0.18619,47760.0,0.18581,29341.0,0.1862,29806.0,0.1858,144297.0,0.18622,5311.0,0.18579,32217.0,0.18623,40223.0,0.18574,38707.0,0.18624,5400.0,0.18573,20593.0,0.18625,2089.0,0.18572,7536.0,0.18626,539.0,0.18567,6732.0,0.18627,21965.0,0.18566,5335.0,0.18629,96931.0
1757015279.5823085,1757015279257,1757015279257,0.18591,16217.0,0.18602,25793.0,0.1859,31679.0,0.18603,152702.0,0.18585,49569.0,0.18604,6417.0,0.18584,8233.0,0.18605,1991.0,0.18581,24006.0,0.18606,22190.0,0.1858,127938.0,0.18608,28958.0,0.18579,16217.0,0.18609,27590.0,0.18578,215077.0,0.1861,5335.0,0.18576,5299.0,0.18611,97006.0,0.18574,16794.0,0.18612,151720.0,0.18573,34052.0,0.18613,9664.0,0.18572,15516.0,0.18614,17404.0,0.1857,23364.0,0.18615,20397.0,0.18568,40128.0,0.18616,18337.0,0.18567,16281.0,0.18617,2089.0,0.18566,5335.0,0.18618,7664.0,0.18565,1344.0,0.18619,49750.0,0.18564,16217.0,0.1862,29806.0,0.18563,104230.0,0.18622,5311.0,0.18562,134666.0,0.18623,46060.0
1757015280.15916,1757015279782,1757015279782,0.1859,31679.0,0.18591,24288.0,0.18579,16217.0,0.18593,4614.0,0.18578,34645.0,0.18594,17297.0,0.18576,5299.0,0.18597,14354.0,0.18574,5835.0,0.18598,16217.0,0.18572,5541.0,0.18599,24006.0,0.18571,107675.0,0.186,40341.0,0.1857,17979.0,0.18601,175102.0,0.18567,16281.0,0.18603,31511.0,0.18564,28310.0,0.18604,6417.0,0.18563,104230.0,0.18605,1991.0,0.18562,21954.0,0.18606,22190.0,0.18561,24006.0,0.18607,26694.0,0.1856,49763.0,0.18609,27590.0,0.18558,7196.0,0.1861,5535.0,0.18557,140252.0,0.18611,82066.0,0.18556,5755.0,0.18612,151720.0,0.18555,27770.0,0.18613,9664.0,0.18554,22073.0,0.18614,17404.0,0.18553,3150.0,0.18615,20397.0
1757015280.973821,1757015280405,1757015280405,0.18589,1526.0,0.18591,8096.0,0.18584,5494.0,0.18592,8067.0,0.1858,189691.0,0.18597,23341.0,0.18579,16217.0,0.18601,43589.0,0.18578,60907.0,0.18602,109784.0,0.18576,5299.0,0.18603,2190.0,0.18574,36045.0,0.18605,1991.0,0.18572,5541.0,0.18606,5973.0,0.18571,2296.0,0.18609,27590.0,0.1857,17979.0,0.1861,200.0,0.18569,22209.0,0.18612,17412.0,0.18568,178134.0,0.18613,143316.0,0.18567,16281.0,0.18614,17404.0,0.18566,6145.0,0.18615,20397.0,0.18565,1344.0,0.18616,18337.0,0.18564,16217.0,0.18617,4178.0,0.18563,104230.0,0.18618,7664.0,0.18562,158614.0,0.18619,51740.0,0.18561,64149.0,0.1862,29806.0,0.1856,49763.0,0.18622,5311.0
1757015281.3373964,1757015280969,1757015280969,0.18596,244584.0,0.18597,23341.0,0.18595,163064.0,0.18601,46255.0,0.18594,163074.0,0.18602,2273.0,0.18593,163082.0,0.18603,2190.0,0.18592,163090.0,0.18605,11308.0,0.18591,163100.0,0.18606,10964.0,0.1859,16217.0,0.18608,107500.0,0.18589,1526.0,0.18609,29382.0,0.18584,5494.0,0.1861,82066.0,0.1858,262644.0,0.18611,1000.0,0.18579,16217.0,0.18612,17412.0,0.18578,11328.0,0.18613,143316.0,0.18576,17622.0,0.18614,17404.0,0.18575,1000.0,0.18615,20397.0,0.18574,41045.0,0.18616,18337.0,0.18572,11526.0,0.18617,4178.0,0.18571,138588.0,0.18618,2089.0,0.1857,17979.0,0.18619,53730.0,0.18569,22209.0,0.1862,29806.0,0.18568,178134.0,0.18622,5311.0
1757015281.8946311,1757015281450,1757015281450,0.1858,26733.0,0.18597,14631.0,0.18579,16217.0,0.18598,34293.0,0.18578,5993.0,0.186,16217.0,0.18576,17622.0,0.18603,9079.0,0.18574,33590.0,0.18604,115620.0,0.18572,13521.0,0.18605,32670.0,0.18571,113014.0,0.18606,10964.0,0.1857,17979.0,0.18607,5335.0,0.18569,28652.0,0.18609,29382.0,0.18567,16281.0,0.1861,83858.0,0.18564,27180.0,0.18611,1000.0,0.18563,104230.0,0.18612,17412.0,0.18562,3992.0,0.18613,134309.0,0.18561,64149.0,0.18614,17404.0,0.1856,49763.0,0.18615,20397.0,0.18558,1050.0,0.18616,18337.0,0.18556,140435.0,0.18617,12482.0,0.18555,27770.0,0.18618,2089.0,0.18554,22073.0,0.18619,60376.0,0.18553,3150.0,0.1862,34718.0
1757015282.424986,1757015281973,1757015281973,0.18595,16217.0,0.18596,12297.0,0.18594,1562.0,0.18597,37972.0,0.18587,16217.0,0.186,6417.0,0.18585,24006.0,0.18602,4515.0,0.18584,5797.0,0.18604,107512.0,0.18581,19050.0,0.18605,32670.0,0.1858,173316.0,0.18606,12955.0,0.18579,16217.0,0.18609,5376.0,0.18576,17622.0,0.1861,83858.0,0.18575,82066.0,0.18611,27864.0,0.18574,49939.0,0.18612,17412.0,0.18573,178127.0,0.18613,142833.0,0.18572,17511.0,0.18614,17404.0,0.1857,19774.0,0.18615,20397.0,0.18569,30268.0,0.18616,18337.0,0.18568,134612.0,0.18617,12482.0,0.18567,16281.0,0.18618,2089.0,0.18566,13464.0,0.18619,60376.0,0.18565,6679.0,0.1862,34718.0,0.18564,27180.0,0.18622,5311.0
1757015282.9126089,1757015282579,1757015282579,0.18601,72589.0,0.18604,107512.0,0.18599,244571.0,0.18612,51080.0,0.18598,244583.0,0.18613,139644.0,0.18597,244595.0,0.18614,17404.0,0.18596,244610.0,0.18615,21904.0,0.18595,33848.0,0.18616,18337.0,0.18594,1562.0,0.18617,4178.0,0.18593,5423.0,0.18618,2089.0,0.18588,131263.0,0.18619,57511.0,0.18587,16217.0,0.1862,28114.0,0.18585,40006.0,0.18622,14246.0,0.18584,13489.0,0.18623,46060.0,0.18582,16000.0,0.18624,5400.0,0.18581,56120.0,0.18625,48047.0,0.1858,134606.0,0.18626,539.0,0.18579,45223.0,0.18629,92096.0,0.18576,33004.0,0.1863,28964.0,0.18575,82066.0,0.18631,17511.0,0.18574,36851.0,0.18633,239604.0,0.18573,178127.0,0.18634,138350.0
1757015283.5245125,1757015283107,1757015283107,0.18602,1575.0,0.18607,23341.0,0.18595,11034.0,0.18608,8060.0,0.18593,5423.0,0.1861,6775.0,0.18591,28179.0,0.18611,14631.0,0.1859,8068.0,0.18612,51080.0,0.18588,115263.0,0.18613,134309.0,0.18587,16217.0,0.18614,17404.0,0.18585,37456.0,0.18615,21904.0,0.18584,42141.0,0.18616,33855.0,0.18582,2296.0,0.18617,36664.0,0.18581,18837.0,0.18618,2089.0,0.1858,134606.0,0.18619,84363.0,0.18579,45223.0,0.1862,28114.0,0.18578,26910.0,0.18622,14246.0,0.18576,17622.0,0.18623,47940.0,0.18575,87446.0,0.18624,5400.0,0.18574,36851.0,0.18625,48047.0,0.18573,178127.0,0.18626,539.0,0.18572,19506.0,0.18629,93787.0,0.1857,21569.0,0.1863,28964.0
1757015283.9858706,1757015283635,1757015283635,0.18602,1575.0,0.18606,107499.0,0.18595,11034.0,0.18608,8060.0,0.18593,5423.0,0.1861,6775.0,0.18592,36912.0,0.18611,14631.0,0.18591,22844.0,0.18612,51080.0,0.1859,8068.0,0.18613,134309.0,0.18589,16000.0,0.18614,17404.0,0.18588,115263.0,0.18615,21904.0,0.18587,16217.0,0.18616,33855.0,0.18586,16000.0,0.18617,36664.0,0.18585,37456.0,0.18618,2089.0,0.18584,39446.0,0.18619,84363.0,0.18582,18296.0,0.1862,28114.0,0.18581,18837.0,0.18622,14246.0,0.1858,134606.0,0.18623,47940.0,0.18579,45223.0,0.18624,5400.0,0.18578,26910.0,0.18625,48047.0,0.18576,17622.0,0.18626,2150.0,0.18575,87446.0,0.18629,89686.0,0.18574,31341.0,0.1863,28964.0
1757015284.503297,1757015284151,1757015284151,0.18604,16217.0,0.18608,8060.0,0.18602,1575.0,0.1861,113916.0,0.18596,24006.0,0.18611,14631.0,0.18595,37745.0,0.18612,33668.0,0.18593,5423.0,0.18614,17404.0,0.18592,42247.0,0.18615,5687.0,0.18591,22844.0,0.18616,46825.0,0.1859,107568.0,0.18617,37664.0,0.18589,17000.0,0.18618,2089.0,0.18588,82066.0,0.18619,46553.0,0.18587,16217.0,0.1862,31696.0,0.18586,16000.0,0.18622,148485.0,0.18585,37456.0,0.18623,47940.0,0.18584,41446.0,0.18624,5400.0,0.18583,1000.0,0.18625,48047.0,0.18582,24278.0,0.18626,28817.0,0.18581,3988.0,0.18629,89686.0,0.1858,10867.0,0.1863,28231.0,0.18579,179763.0,0.18631,17511.0,0.18578,67016.0,0.18633,239604.0
1757015285.0609524,1757015284693,1757015284693,0.18604,16217.0,0.1861,6417.0,0.186,56953.0,0.18611,14631.0,0.18596,40006.0,0.18612,33668.0,0.18595,37745.0,0.18613,107442.0,0.18593,21423.0,0.18614,17404.0,0.18592,50314.0,0.18615,2090.0,0.1859,107568.0,0.18616,48815.0,0.18589,17000.0,0.18617,32329.0,0.18588,82066.0,0.18618,3591.0,0.18587,16217.0,0.18619,28643.0,0.18585,37456.0,0.1862,3582.0,0.18584,41446.0,0.18622,148485.0,0.18583,1000.0,0.18623,47940.0,0.18582,7976.0,0.18624,5400.0,0.18581,3988.0,0.18625,48047.0,0.1858,10867.0,0.18626,28817.0,0.18579,179763.0,0.18628,17412.0,0.18578,67016.0,0.18629,89686.0,0.18577,1994.0,0.1863,28231.0,0.18575,82066.0,0.18631,17511.0
1757015285.999112,1757015285423,1757015285423,0.18607,1647.0,0.18611,14631.0,0.18604,16217.0,0.18612,33668.0,0.18601,16000.0,0.18613,107442.0,0.186,56953.0,0.18614,17404.0,0.18596,40006.0,0.18615,2090.0,0.18595,60589.0,0.18616,52795.0,0.18593,21423.0,0.18617,34319.0,0.18592,50314.0,0.18618,3591.0,0.1859,107568.0,0.18619,33978.0,0.18589,17000.0,0.1862,5373.0,0.18588,84362.0,0.18622,143174.0,0.18587,16217.0,0.18623,47940.0,0.18585,42860.0,0.18624,1611.0,0.18584,41446.0,0.18625,48047.0,0.18583,1000.0,0.18626,28817.0,0.18582,15952.0,0.18628,17412.0,0.18581,3988.0,0.18629,89686.0,0.1858,10867.0,0.1863,28231.0,0.18579,181558.0,0.18631,17511.0,0.18578,68631.0,0.18633,218359.0
1757015286.4045782,1757015285803,1757015285803,0.18607,1647.0,0.18609,8059.0,0.18604,16217.0,0.18612,33668.0,0.186,56953.0,0.18613,107447.0,0.18597,16000.0,0.18614,17404.0,0.18596,40006.0,0.18615,2090.0,0.18595,60589.0,0.18616,52795.0,0.18593,21423.0,0.18617,34319.0,0.18592,34314.0,0.18618,3591.0,0.18591,16000.0,0.18619,33978.0,0.1859,107768.0,0.1862,5573.0,0.18589,17000.0,0.18622,143174.0,0.18588,84362.0,0.18623,47940.0,0.18587,16217.0,0.18624,1611.0,0.18585,42860.0,0.18625,48047.0,0.18584,41446.0,0.18626,28817.0,0.18583,1000.0,0.18628,17412.0,0.18582,15952.0,0.18629,89686.0,0.18581,3988.0,0.1863,28231.0,0.1858,12662.0,0.18631,17511.0,0.18579,181558.0,0.18633,218359.0
1757015286.8535075,1757015286391,1757015286391,0.18607,1647.0,0.18609,22690.0,0.18604,16217.0,0.18611,6417.0,0.186,56953.0,0.18612,33668.0,0.18596,24006.0,0.18613,107450.0,0.18595,60589.0,0.18614,17404.0,0.18593,21423.0,0.18615,2090.0,0.18592,34314.0,0.18616,52795.0,0.18591,16000.0,0.18617,13435.0,0.1859,107768.0,0.18618,3591.0,0.18589,17000.0,0.18619,33978.0,0.18588,84362.0,0.1862,5573.0,0.18587,16217.0,0.18622,143174.0,0.18585,42860.0,0.18623,47940.0,0.18584,41446.0,0.18624,1611.0,0.18583,1000.0,0.18625,48047.0,0.18582,17946.0,0.18626,28817.0,0.18581,3988.0,0.18628,17412.0,0.1858,12662.0,0.18629,89686.0,0.18579,47018.0,0.1863,28231.0,0.18578,70246.0,0.18631,17511.0
1757015287.4014068,1757015286920,1757015286920,0.18614,159990.0,0.1862,200.0,0.18613,160000.0,0.18622,4207.0,0.18612,160008.0,0.18624,107383.0,0.18611,160016.0,0.18627,28958.0,0.1861,80012.0,0.18628,17412.0,0.18609,80017.0,0.1863,28231.0,0.18608,34246.0,0.18633,9151.0,0.18607,1647.0,0.18634,5176.0,0.18605,26697.0,0.18635,136253.0,0.18604,27710.0,0.18636,23768.0,0.18601,189574.0,0.18638,26411.0,0.18597,107508.0,0.18639,1988.0,0.18596,24006.0,0.1864,6627.0,0.18595,5103.0,0.18641,6573.0,0.18594,13446.0,0.18642,2729.0,0.18593,21423.0,0.18643,45952.0,0.18592,5335.0,0.18644,43972.0,0.18591,16000.0,0.18645,8344.0,0.18589,135465.0,0.18647,22165.0,0.18588,122151.0,0.18649,15549.0
1757015287.859055,1757015287427,1757015287427,0.18621,159934.0,0.18622,12261.0,0.1862,159942.0,0.18627,49830.0,0.18619,159952.0,0.18628,17412.0,0.18618,159960.0,0.18632,1501.0,0.18617,159968.0,0.18633,26555.0,0.18613,16217.0,0.18634,5176.0,0.18608,57311.0,0.18635,18304.0,0.18605,49541.0,0.18636,37182.0,0.18604,22375.0,0.18638,26411.0,0.18603,8062.0,0.18639,86042.0,0.18602,36900.0,0.1864,6627.0,0.18601,276149.0,0.18641,6573.0,0.18598,138455.0,0.18642,2729.0,0.18597,15433.0,0.18643,51755.0,0.18596,24006.0,0.18644,16217.0,0.18595,5103.0,0.18645,10430.0,0.18594,13446.0,0.18647,22165.0,0.18592,5335.0,0.18649,15549.0,0.18591,28884.0,0.1865,5094.0,0.1859,17368.0,0.18651,28219.0
1757015288.5010767,1757015287959,1757015287959,0.18621,257804.0,0.18622,6417.0,0.18615,24006.0,0.18632,111723.0,0.18614,87661.0,0.18633,17404.0,0.18613,16217.0,0.18634,1000.0,0.18609,156831.0,0.18635,14157.0,0.18608,56953.0,0.18636,29554.0,0.18607,5335.0,0.18637,10375.0,0.18604,33077.0,0.18638,2087.0,0.18601,260149.0,0.18639,1988.0,0.18599,134393.0,0.1864,1000.0,0.18597,15433.0,0.18642,134632.0,0.18596,64073.0,0.18643,60952.0,0.18595,5103.0,0.18644,16217.0,0.18594,13446.0,0.18645,12100.0,0.18592,5335.0,0.18649,9161.0,0.18591,1993.0,0.1865,5094.0,0.1859,17368.0,0.18651,28219.0,0.18589,1000.0,0.18652,178083.0,0.18588,92464.0,0.18655,4268.0,0.18587,32498.0,0.18656,2189.0
1757015288.9207184,1757015288569,1757015288569,0.18621,177826.0,0.18632,27724.0,0.18615,24006.0,0.18633,17404.0,0.18614,28439.0,0.18634,122960.0,0.18613,16217.0,0.18635,14157.0,0.18612,28947.0,0.18636,16140.0,0.18608,5904.0,0.18637,47285.0,0.18607,5335.0,0.18638,2087.0,0.18606,7779.0,0.18639,2087.0,0.18605,107450.0,0.1864,4289.0,0.18604,32232.0,0.18641,82066.0,0.18602,1992.0,0.18642,538.0,0.18601,264133.0,0.18643,33203.0,0.18599,137979.0,0.18644,17827.0,0.18598,1614.0,0.18645,12100.0,0.18597,1992.0,0.1865,141161.0,0.18596,85325.0,0.18651,28219.0,0.18595,5103.0,0.18652,178083.0,0.18594,3000.0,0.18655,22282.0,0.18592,5335.0,0.18656,2189.0,0.18591,1993.0,0.18657,21721.0
1757015289.5882208,1757015289075,1757015289075,0.18621,16137.0,0.18631,38799.0,0.1862,4213.0,0.18632,27724.0,0.18615,24006.0,0.18633,25453.0,0.18614,44439.0,0.18634,122960.0,0.18613,16217.0,0.18635,14157.0,0.18612,28947.0,0.18636,16140.0,0.18608,5904.0,0.18637,68146.0,0.18607,5335.0,0.18638,2087.0,0.18606,49865.0,0.18639,2087.0,0.18605,112820.0,0.1864,4289.0,0.18604,32232.0,0.18641,100811.0,0.18603,26874.0,0.18642,538.0,0.18602,1992.0,0.18643,33203.0,0.18601,264133.0,0.18644,17827.0,0.18599,3586.0,0.18645,12100.0,0.18598,1614.0,0.18649,17412.0,0.18597,1992.0,0.1865,141161.0,0.18596,85325.0,0.18651,28219.0,0.18595,5103.0,0.18652,178083.0,0.18594,137389.0,0.18654,5780.0
1757015290.145513,1757015289675,1757015289675,0.1862,4213.0,0.1863,23341.0,0.18615,106072.0,0.18631,168677.0,0.18614,5595.0,0.18632,4383.0,0.18613,16217.0,0.18633,17404.0,0.18612,8058.0,0.18634,1000.0,0.18608,5904.0,0.18635,19492.0,0.18607,5335.0,0.18636,32357.0,0.18606,49865.0,0.18637,35068.0,0.18605,112820.0,0.18638,2087.0,0.18604,32232.0,0.18639,2087.0,0.18603,26874.0,0.1864,4289.0,0.18602,1992.0,0.18641,18745.0,0.18601,266125.0,0.18642,538.0,0.18599,3586.0,0.18643,33203.0,0.18598,1614.0,0.18644,17827.0,0.18597,3606.0,0.18645,12100.0,0.18596,85325.0,0.18649,17412.0,0.18595,5103.0,0.1865,143147.0,0.18594,137389.0,0.18651,28219.0,0.18592,5335.0,0.18652,178083.0
1757015290.8963373,1757015290185,1757015290185,0.18622,16217.0,0.1863,22590.0,0.1862,4213.0,0.18631,136295.0,0.18616,17579.0,0.18632,25431.0,0.18615,106072.0,0.18633,17404.0,0.18614,28439.0,0.18634,1000.0,0.18613,16217.0,0.18635,14157.0,0.18612,20889.0,0.18636,34345.0,0.18608,5904.0,0.18637,71869.0,0.18607,5335.0,0.18638,8051.0,0.18606,36431.0,0.18639,2087.0,0.18605,107450.0,0.1864,4289.0,0.18604,32232.0,0.18641,18745.0,0.18603,26874.0,0.18642,538.0,0.18602,2992.0,0.18643,33203.0,0.18601,272101.0,0.18644,17827.0,0.186,1793.0,0.18645,12100.0,0.18599,5379.0,0.18649,17412.0,0.18598,1614.0,0.1865,147119.0,0.18597,3606.0,0.18651,28219.0,0.18596,85325.0,0.18652,178083.0
1757015291.6475315,1757015290905,1757015290905,0.18628,1629.0,0.18629,56395.0,0.1862,4213.0,0.1863,153936.0,0.18616,33579.0,0.18631,28958.0,0.18614,25869.0,0.18632,25431.0,0.18612,26687.0,0.18633,17404.0,0.18609,13432.0,0.18634,143207.0,0.18608,21904.0,0.18635,30374.0,0.18606,36431.0,0.18636,18128.0,0.18604,26863.0,0.18637,71869.0,0.18603,26874.0,0.18638,8051.0,0.18602,2992.0,0.18639,2087.0,0.18601,272101.0,0.1864,2789.0,0.186,1793.0,0.18641,5335.0,0.18599,3586.0,0.18642,538.0,0.18598,1614.0,0.18643,33203.0,0.18597,3606.0,0.18644,17827.0,0.18596,45258.0,0.18645,38739.0,0.18595,5103.0,0.18648,1050.0,0.18594,3000.0,0.18649,17412.0,0.18593,107503.0,0.1865,28926.0
1757015291.9865067,1757015291286,1757015291286,0.1862,4213.0,0.18629,56753.0,0.18608,5904.0,0.1863,170677.0,0.18606,5483.0,0.18631,28958.0,0.18604,27692.0,0.18632,6173.0,0.18603,20814.0,0.18633,31272.0,0.18601,84058.0,0.18634,135158.0,0.18597,3606.0,0.18635,28242.0,0.18596,45258.0,0.18636,32195.0,0.18595,5103.0,0.18637,35877.0,0.18594,14231.0,0.18638,8051.0,0.18593,107503.0,0.18639,2087.0,0.18592,3986.0,0.1864,14717.0,0.18591,7029.0,0.18642,82604.0,0.1859,17368.0,0.18643,33203.0,0.18589,4588.0,0.18644,17827.0,0.18588,92464.0,0.18645,12100.0,0.18587,168568.0,0.18648,1050.0,0.18585,24006.0,0.18649,26423.0,0.18584,25813.0,0.1865,28926.0,0.18583,2050.0,0.18651,28219.0
1757015292.4626658,1757015291821,1757015291821,0.18606,5483.0,0.18617,19024.0,0.18605,16000.0,0.1862,107398.0,0.18604,35753.0,0.18622,4884.0,0.18603,26699.0,0.18623,34911.0,0.18602,141810.0,0.18624,28491.0,0.18601,13438.0,0.18625,44708.0,0.186,200.0,0.18626,28488.0,0.18597,3606.0,0.18627,28488.0,0.18596,278795.0,0.18628,28485.0,0.18595,5103.0,0.18629,50192.0,0.18594,14231.0,0.1863,40747.0,0.18593,107503.0,0.18632,15206.0,0.18592,3986.0,0.18633,13868.0,0.18591,7029.0,0.18634,161813.0,0.1859,17368.0,0.18635,55071.0,0.18589,6382.0,0.18636,32195.0,0.18588,84159.0,0.18637,35877.0,0.18587,168568.0,0.18638,8051.0,0.18586,40089.0,0.18639,2087.0,0.18585,24006.0,0.1864,24657.0
1757015292.8290768,1757015292419,1757015292419,0.1861,56953.0,0.18619,19006.0,0.18609,358.0,0.18621,23341.0,0.18607,22009.0,0.18622,112282.0,0.18606,5483.0,0.18623,6417.0,0.18604,51753.0,0.18625,16217.0,0.18603,26699.0,0.18626,28958.0,0.18602,120910.0,0.18628,22500.0,0.18601,13438.0,0.18629,1492.0,0.186,200.0,0.1863,40747.0,0.18597,24941.0,0.18632,32610.0,0.18596,281842.0,0.18633,13868.0,0.18595,5103.0,0.18634,175970.0,0.18594,14231.0,0.18635,55071.0,0.18593,107503.0,0.18636,32195.0,0.18592,3986.0,0.18637,35877.0,0.18591,7029.0,0.18638,25463.0,0.1859,17368.0,0.18639,2087.0,0.18589,6382.0,0.1864,26845.0,0.18588,84159.0,0.18641,5847.0,0.18587,168568.0,0.18642,82604.0
1757015293.224235,1757015292912,1757015292912,0.18613,1490.0,0.18619,19006.0,0.1861,56953.0,0.18621,23341.0,0.18609,358.0,0.18622,112282.0,0.18607,22009.0,0.18623,14631.0,0.18606,5483.0,0.18625,24270.0,0.18605,16000.0,0.18626,28958.0,0.18604,51753.0,0.18628,1000.0,0.18603,26699.0,0.18629,1492.0,0.18602,120910.0,0.1863,24006.0,0.18601,34340.0,0.18632,32610.0,0.18597,24941.0,0.18633,13868.0,0.18596,281842.0,0.18634,175970.0,0.18595,5103.0,0.18635,55071.0,0.18594,14231.0,0.18636,32195.0,0.18593,107503.0,0.18637,35877.0,0.18592,3986.0,0.18638,25463.0,0.18591,7029.0,0.18639,2087.0,0.1859,17368.0,0.1864,28833.0,0.18589,6382.0,0.18641,5847.0,0.18588,84159.0,0.18642,82604.0
1757015293.8082762,1757015293431,1757015293431,0.18597,25512.0,0.18605,9541.0,0.18595,5373.0,0.18606,9541.0,0.18594,3019.0,0.18607,9540.0,0.18589,106351.0,0.18608,9539.0,0.18586,22844.0,0.18609,9539.0,0.18585,5892.0,0.1861,9538.0,0.18584,17049.0,0.18611,38128.0,0.18582,5476.0,0.18612,18539.0,0.18581,107559.0,0.18613,12326.0,0.1858,29929.0,0.18614,219674.0,0.18579,161583.0,0.18615,6417.0,0.18578,2094.0,0.18617,1990.0,0.18577,217588.0,0.18618,34667.0,0.18575,26915.0,0.18619,39239.0,0.18574,11013.0,0.18622,134235.0,0.18573,21906.0,0.18623,22461.0,0.18572,21688.0,0.18624,26845.0,0.18571,111881.0,0.18625,16217.0,0.1857,8654.0,0.18627,3000.0,0.18569,1796.0,0.18629,8578.0
1757015294.4140682,1757015293931,1757015293931,0.18601,82066.0,0.18611,107451.0,0.186,56953.0,0.18612,18539.0,0.18599,358.0,0.18613,11968.0,0.18597,24006.0,0.18614,97717.0,0.18595,5373.0,0.18615,6417.0,0.18594,5830.0,0.18617,7325.0,0.18591,8067.0,0.18618,56621.0,0.1859,123559.0,0.18619,38702.0,0.18589,106351.0,0.18622,134235.0,0.18586,22844.0,0.18623,26818.0,0.18584,22862.0,0.18624,26845.0,0.18582,5476.0,0.18625,16217.0,0.1858,29929.0,0.18627,3000.0,0.18579,190235.0,0.18629,14756.0,0.18578,2094.0,0.1863,3978.0,0.18577,217588.0,0.18631,5791.0,0.18575,26915.0,0.18633,183484.0,0.18574,11013.0,0.18635,21727.0,0.18573,21906.0,0.18636,75210.0,0.18572,22363.0,0.18637,8387.0
1757015294.866636,1757015294494,1757015294494,0.18603,1510.0,0.1861,23341.0,0.18601,98066.0,0.18611,537.0,0.186,56953.0,0.18612,16953.0,0.18599,16575.0,0.18613,126089.0,0.18597,24006.0,0.18614,77931.0,0.18595,16000.0,0.18615,6417.0,0.18594,5830.0,0.18617,15285.0,0.18592,20912.0,0.18618,56263.0,0.18591,16000.0,0.18619,44969.0,0.1859,123559.0,0.1862,12534.0,0.18589,106351.0,0.18621,1791.0,0.18585,11341.0,0.18622,134235.0,0.18584,17169.0,0.18623,26818.0,0.18582,7470.0,0.18624,26845.0,0.18581,3988.0,0.18625,17828.0,0.1858,31724.0,0.18627,3000.0,0.18579,193825.0,0.18629,6178.0,0.18578,3709.0,0.1863,37791.0,0.18577,217588.0,0.18631,5791.0,0.18573,21906.0,0.18633,183484.0
1757015295.3752246,1757015294994,1757015294994,0.18603,1510.0,0.1861,23341.0,0.18601,82066.0,0.18611,537.0,0.186,56953.0,0.18612,16953.0,0.18597,24006.0,0.18613,134147.0,0.18594,5830.0,0.18614,77931.0,0.18592,28978.0,0.18615,7924.0,0.18591,16000.0,0.18617,15285.0,0.1859,107559.0,0.18618,13426.0,0.18589,129195.0,0.18619,44969.0,0.18585,11341.0,0.1862,12534.0,0.18584,17169.0,0.18621,1791.0,0.18582,9464.0,0.18622,134235.0,0.18581,30894.0,0.18623,26818.0,0.1858,31724.0,0.18624,26845.0,0.18579,193825.0,0.18625,17828.0,0.18578,3709.0,0.18627,3000.0,0.18577,195651.0,0.18629,8266.0,0.18573,21906.0,0.1863,39780.0,0.18572,22363.0,0.18631,5791.0,0.18571,10175.0,0.18633,183484.0
