timestamp,sequence,exchange_timestamp,bid_price_0,bid_size_0,ask_price_0,ask_size_0,bid_price_1,bid_size_1,ask_price_1,ask_size_1,bid_price_2,bid_size_2,ask_price_2,ask_size_2,bid_price_3,bid_size_3,ask_price_3,ask_size_3,bid_price_4,bid_size_4,ask_price_4,ask_size_4,bid_price_5,bid_size_5,ask_price_5,ask_size_5,bid_price_6,bid_size_6,ask_price_6,ask_size_6,bid_price_7,bid_size_7,ask_price_7,ask_size_7,bid_price_8,bid_size_8,ask_price_8,ask_size_8,bid_price_9,bid_size_9,ask_price_9,ask_size_9,bid_price_10,bid_size_10,ask_price_10,ask_size_10,bid_price_11,bid_size_11,ask_price_11,ask_size_11,bid_price_12,bid_size_12,ask_price_12,ask_size_12,bid_price_13,bid_size_13,ask_price_13,ask_size_13,bid_price_14,bid_size_14,ask_price_14,ask_size_14,bid_price_15,bid_size_15,ask_price_15,ask_size_15,bid_price_16,bid_size_16,ask_price_16,ask_size_16,bid_price_17,bid_size_17,ask_price_17,ask_size_17,bid_price_18,bid_size_18,ask_price_18,ask_size_18,bid_price_19,bid_size_19,ask_price_19,ask_size_19
1757015216.8731272,1757015216253,1757015216253,202.22,2054.51,202.23,95.1,202.21,34.79,202.24,1.48,202.2,422.04,202.25,494.08,202.19,213.29,202.26,235.01,202.18,715.22,202.27,1382.86,202.17,1010.7,202.28,1104.63,202.16,2404.76,202.29,935.4,202.15,1594.78,202.3,2091.02,202.14,1239.26,202.31,3111.35,202.13,1725.08,202.32,2032.66,202.12,1091.39,202.33,3184.45,202.11,4263.73,202.34,813.83,202.1,2251.59,202.35,1005.89,202.09,879.71,202.36,772.58,202.08,683.27,202.37,3570.02,202.07,1886.77,202.38,1346.81,202.06,2648.14,202.39,174.8,202.05,747.74,202.4,433.46,202.04,3056.01,202.41,1007.72,202.03,2160.69,202.42,1919.24
1757015217.176922,1757015216728,1757015216728,202.22,2054.51,202.23,95.1,202.21,10.01,202.24,138.58,202.2,261.75,202.25,515.96,202.19,220.84,202.26,659.89,202.18,925.77,202.27,2441.25,202.17,567.34,202.28,1409.97,202.16,2404.98,202.29,1452.54,202.15,1654.13,202.3,2140.91,202.14,1239.26,202.31,3510.08,202.13,1560.53,202.32,2032.66,202.12,1916.09,202.33,4020.45,202.11,4067.97,202.34,1307.99,202.1,2304.85,202.35,569.68,202.09,740.66,202.36,772.58,202.08,743.43,202.37,3570.02,202.07,1886.77,202.38,1309.3,202.06,2653.14,202.39,174.8,202.05,1839.49,202.4,855.01,202.04,3056.01,202.41,1007.72,202.03,2160.69,202.42,1919.24
1757015217.7059793,1757015217361,1757015217361,202.22,1301.95,202.23,479.32,202.21,5.92,202.24,310.02,202.2,87.11,202.25,515.96,202.19,295.65,202.26,661.27,202.18,955.44,202.27,2649.59,202.17,539.05,202.28,1655.77,202.16,2404.98,202.29,1457.48,202.15,2063.12,202.3,2359.51,202.14,1813.69,202.31,3318.72,202.13,1669.39,202.32,2032.66,202.12,2119.67,202.33,4947.67,202.11,4067.97,202.34,1322.84,202.1,2304.85,202.35,569.68,202.09,740.66,202.36,772.58,202.08,743.43,202.37,2794.88,202.07,3104.82,202.38,3639.33,202.06,2653.14,202.39,174.8,202.05,1839.49,202.4,371.82,202.04,952.47,202.41,1007.72,202.03,2160.69,202.42,1919.24
1757015218.1564198,1757015217788,1757015217788,202.22,894.11,202.23,334.87,202.21,5.92,202.24,365.9,202.2,680.5,202.25,21.88,202.19,296.59,202.26,651.39,202.18,524.02,202.27,2919.61,202.17,1199.59,202.28,1657.24,202.16,2404.98,202.29,1457.48,202.15,2003.77,202.3,1766.41,202.14,1529.28,202.31,3318.72,202.13,1674.34,202.32,3177.02,202.12,2119.67,202.33,4947.67,202.11,4067.97,202.34,1322.84,202.1,2453.22,202.35,569.68,202.09,740.66,202.36,772.58,202.08,1331.92,202.37,2794.88,202.07,3104.82,202.38,3540.52,202.06,3152.72,202.39,325.18,202.05,1253.65,202.4,371.82,202.04,952.47,202.41,1012.67,202.03,2165.64,202.42,1919.24
1757015218.6635401,1757015218348,1757015218348,202.22,894.11,202.23,359.59,202.21,131.62,202.24,367.38,202.2,728.97,202.25,56.36,202.19,201.31,202.26,1442.09,202.18,524.02,202.27,2462.79,202.17,1199.59,202.28,1655.77,202.16,2404.98,202.29,1457.48,202.15,2003.77,202.3,1546.34,202.14,1529.28,202.31,3289.07,202.13,1674.34,202.32,3177.02,202.12,2129.57,202.33,4947.67,202.11,4067.97,202.34,1382.14,202.1,2453.22,202.35,1167.07,202.09,740.66,202.36,772.58,202.08,1331.92,202.37,2794.88,202.07,3104.82,202.38,3577.79,202.06,3152.72,202.39,325.18,202.05,1253.65,202.4,371.82,202.04,977.16,202.41,1012.67,202.03,2165.64,202.42,1919.24
1757015219.3046277,1757015218875,1757015218875,202.22,3208.95,202.23,10.0,202.21,2679.59,202.24,2.62,202.2,365.4,202.26,25.97,202.19,715.44,202.27,386.95,202.18,1263.2,202.28,507.96,202.17,2422.79,202.29,835.17,202.16,3194.62,202.3,2114.2,202.15,1691.33,202.31,4436.15,202.14,892.18,202.32,2583.97,202.13,1503.72,202.33,3720.02,202.12,2136.12,202.34,846.61,202.11,4692.14,202.35,1755.64,202.1,2453.22,202.36,831.87,202.09,371.68,202.37,3178.64,202.08,284.71,202.38,3615.9,202.07,1886.77,202.39,174.8,202.06,2670.41,202.4,371.82,202.05,757.63,202.41,1017.62,202.04,977.16,202.42,1919.24,202.03,2165.64,202.43,1221.62
1757015219.9698544,1757015219390,1757015219390,202.22,3183.95,202.23,9.51,202.21,2692.35,202.24,1.14,202.2,359.0,202.26,19.29,202.19,836.69,202.27,386.95,202.18,1256.49,202.28,681.48,202.17,2436.44,202.29,994.97,202.16,3194.62,202.3,2471.4,202.15,1705.17,202.31,4700.44,202.14,863.4,202.32,2583.97,202.13,1538.43,202.33,3578.04,202.12,2131.17,202.34,846.61,202.11,4692.14,202.35,1755.64,202.1,2453.22,202.36,831.87,202.09,181.37,202.37,3660.95,202.08,284.71,202.38,3133.59,202.07,1403.15,202.39,174.8,202.06,2670.41,202.4,371.82,202.05,770.12,202.41,1017.62,202.04,977.16,202.42,1919.24,202.03,2165.64,202.43,1221.62
1757015220.5211666,1757015220005,1757015220005,202.22,3532.43,202.23,9.51,202.21,2686.43,202.26,19.29,202.2,381.43,202.27,388.43,202.19,617.62,202.28,36.91,202.18,1391.75,202.29,646.47,202.17,2456.44,202.3,2459.59,202.16,3199.57,202.31,4912.24,202.15,1440.26,202.32,2037.6,202.14,863.4,202.33,3563.22,202.13,1538.43,202.34,816.96,202.12,2621.58,202.35,1755.64,202.11,4209.83,202.36,772.58,202.1,2453.22,202.37,4803.72,202.09,181.37,202.38,3946.92,202.08,284.71,202.39,707.76,202.07,1403.15,202.4,371.82,202.06,2670.41,202.41,1017.62,202.05,770.12,202.42,1919.24,202.04,963.16,202.43,1221.62,202.03,2165.64,202.44,3298.14
1757015221.0864475,1757015220550,1757015220550,202.22,6079.69,202.23,9.51,202.21,3500.53,202.28,1.38,202.2,1569.82,202.29,33.59,202.19,822.35,202.3,58.05,202.18,1728.92,202.31,82.35,202.17,1965.86,202.32,1006.35,202.16,2892.83,202.33,4325.31,202.15,471.7,202.34,1014.93,202.14,771.99,202.35,805.71,202.13,1235.11,202.36,1165.68,202.12,2131.89,202.37,4344.76,202.11,2786.12,202.38,2233.2,202.1,1580.33,202.39,1656.81,202.09,181.37,202.4,371.82,202.08,349.0,202.41,1149.73,202.07,1378.4,202.42,1978.18,202.06,794.43,202.43,1221.62,202.05,667.16,202.44,1473.41,202.04,1691.51,202.45,2604.94,202.03,2165.64,202.46,932.73
1757015221.6575246,1757015221096,1757015221096,202.29,109.4,202.3,12.54,202.28,651.22,202.31,5.32,202.27,512.3,202.32,1148.83,202.26,501.8,202.33,4337.99,202.25,459.67,202.34,1668.5,202.24,485.23,202.35,594.2,202.23,400.31,202.36,1647.99,202.22,6318.18,202.37,1739.0,202.21,4149.06,202.38,1794.36,202.2,1762.65,202.39,1656.81,202.19,827.96,202.4,861.68,202.18,1451.24,202.41,2042.33,202.17,1957.15,202.42,2727.92,202.16,2972.25,202.43,1086.09,202.15,1679.39,202.44,1577.13,202.14,801.99,202.45,2604.94,202.13,1539.96,202.46,937.67,202.12,1297.05,202.47,2728.59,202.11,2441.06,202.48,250.71,202.1,3128.62,202.49,769.24
1757015221.9896698,1757015221613,1757015221613,202.29,3983.49,202.3,0.54,202.28,3305.26,202.31,324.74,202.27,888.65,202.32,34.15,202.26,875.98,202.33,12.64,202.25,144.42,202.34,383.83,202.24,644.36,202.35,418.22,202.23,646.16,202.36,1287.38,202.22,3485.93,202.37,3216.31,202.21,3612.27,202.38,1158.68,202.2,1293.2,202.39,1071.93,202.19,1648.24,202.4,607.57,202.18,725.2,202.41,2556.63,202.17,1487.78,202.42,2528.88,202.16,3395.67,202.43,1188.17,202.15,1008.92,202.44,2788.53,202.14,697.61,202.45,2604.94,202.13,982.9,202.46,972.6,202.12,1015.54,202.47,2813.02,202.11,3077.83,202.48,171.38,202.1,1296.86,202.49,2582.64
1757015222.7184775,1757015222230,1757015222230,202.29,3770.95,202.3,0.54,202.28,3438.74,202.33,6.35,202.27,1015.51,202.34,30.65,202.26,1140.44,202.35,60.49,202.25,228.27,202.36,33.02,202.24,1720.23,202.37,2469.94,202.23,1563.11,202.38,1213.63,202.22,3630.17,202.39,2180.36,202.21,4819.22,202.4,808.17,202.2,1442.31,202.41,2261.75,202.19,2148.2,202.42,2680.08,202.18,242.89,202.43,2744.05,202.17,1487.78,202.44,3764.78,202.16,5033.73,202.45,2619.75,202.15,375.42,202.46,1014.81,202.14,358.03,202.47,3879.87,202.13,648.4,202.48,705.72,202.12,1010.59,202.49,2461.36,202.11,2492.28,202.5,204.85,202.1,1012.32,202.51,873.1
1757015223.1540766,1757015222674,1757015222674,202.29,3018.16,202.3,0.54,202.28,3870.22,202.34,1.48,202.27,979.94,202.35,45.0,202.26,623.7,202.36,1456.36,202.25,1912.85,202.37,2196.23,202.24,2016.34,202.38,660.38,202.23,1798.64,202.39,1434.55,202.22,2813.52,202.4,1322.42,202.21,4786.47,202.41,1143.53,202.2,921.1,202.42,2980.65,202.19,2019.2,202.43,2092.04,202.18,717.18,202.44,3772.08,202.17,1201.16,202.45,415.5,202.16,4796.63,202.46,1401.27,202.15,400.05,202.47,3394.1,202.14,989.64,202.48,705.72,202.13,2740.0,202.49,2461.36,202.12,1064.96,202.5,355.02,202.11,2492.28,202.51,870.64,202.1,999.54,202.52,2309.38
1757015223.6410496,1757015223197,1757015223197,202.29,3237.97,202.3,0.54,202.28,4073.37,202.34,1.48,202.27,1035.34,202.35,45.0,202.26,1118.19,202.36,123.37,202.25,2104.5,202.37,2733.79,202.24,2032.3,202.38,1272.88,202.23,1332.54,202.39,1324.01,202.22,2811.98,202.4,1296.72,202.21,5099.39,202.41,1962.53,202.2,921.1,202.42,2980.65,202.19,2359.7,202.43,2325.07,202.18,989.8,202.44,3485.76,202.17,2313.02,202.45,319.83,202.16,4820.22,202.46,1456.36,202.15,400.55,202.47,3408.91,202.14,989.64,202.48,715.66,202.13,2740.0,202.49,2947.28,202.12,1064.96,202.5,386.97,202.11,3451.76,202.51,870.64,202.1,3273.76,202.52,2309.38
1757015224.0999653,1757015223698,1757015223698,202.33,2206.47,202.34,1.48,202.32,589.83,202.35,45.0,202.31,1050.85,202.36,780.02,202.3,1266.31,202.37,2723.91,202.29,3536.55,202.38,1779.84,202.28,3963.99,202.39,1399.58,202.27,1068.78,202.4,1296.72,202.26,1118.19,202.41,1992.46,202.25,2104.5,202.42,2980.65,202.24,1751.53,202.43,2325.07,202.23,1337.78,202.44,3549.97,202.22,2786.98,202.45,319.83,202.21,5099.39,202.46,1456.36,202.2,1129.78,202.47,3415.05,202.19,2426.6,202.48,715.66,202.18,989.8,202.49,2947.28,202.17,2313.02,202.5,386.97,202.16,4820.22,202.51,870.64,202.15,368.61,202.52,2309.38,202.14,974.8,202.53,928.7
1757015224.5854642,1757015224235,1757015224235,202.34,841.98,202.35,45.0,202.33,5470.56,202.38,56.29,202.32,821.37,202.39,68.95,202.31,1466.26,202.4,318.33,202.3,2380.59,202.41,1393.82,202.29,2491.33,202.42,1460.87,202.28,2470.43,202.43,2373.47,202.27,1510.3,202.44,2198.92,202.26,919.19,202.45,1083.61,202.25,918.04,202.46,1767.37,202.24,2895.0,202.47,4348.56,202.23,1367.26,202.48,1205.34,202.22,3220.77,202.49,2762.29,202.21,4496.12,202.5,377.5,202.2,3095.4,202.51,1001.61,202.19,2120.68,202.52,2275.69,202.18,812.39,202.53,918.81,202.17,1832.92,202.54,1043.95,202.16,2454.64,202.55,2432.88,202.15,338.91,202.56,1064.52
1757015225.5437918,1757015224761,1757015224761,202.34,4015.64,202.35,45.0,202.33,3832.99,202.38,31.29,202.32,844.92,202.39,33.47,202.31,1474.94,202.4,492.99,202.3,2078.5,202.41,1656.09,202.29,1056.66,202.42,905.9,202.28,2581.28,202.43,3311.02,202.27,1237.07,202.44,2212.59,202.26,1077.98,202.45,1230.01,202.25,1146.45,202.46,2094.84,202.24,3129.76,202.47,4162.64,202.23,1367.26,202.48,1687.65,202.22,3220.77,202.49,2822.63,202.21,5041.39,202.5,442.77,202.2,3095.9,202.51,968.41,202.19,2041.54,202.52,2275.69,202.18,690.83,202.53,918.81,202.17,1223.05,202.54,1043.95,202.16,2385.81,202.55,2480.63,202.15,338.91,202.56,1507.29
1757015225.7693057,1757015225266,1757015225266,202.34,3562.05,202.35,44.6,202.33,3783.57,202.38,31.29,202.32,859.74,202.39,33.47,202.31,1474.94,202.4,451.83,202.3,2444.48,202.41,1402.87,202.29,1100.2,202.42,905.9,202.28,2581.28,202.43,3903.76,202.27,1279.47,202.44,2289.53,202.26,1170.79,202.45,719.5,202.25,1146.45,202.46,2099.78,202.24,3129.76,202.47,4656.5,202.23,1367.26,202.48,1687.65,202.22,3220.77,202.49,2837.44,202.21,5041.39,202.5,462.47,202.2,3095.9,202.51,1450.72,202.19,1959.0,202.52,2776.14,202.18,532.14,202.53,918.81,202.17,1223.05,202.54,1043.95,202.16,2385.81,202.55,2480.63,202.15,338.91,202.56,1507.29
1757015226.2758284,1757015225784,1757015225784,202.34,3299.98,202.35,44.6,202.33,3310.6,202.38,31.29,202.32,709.19,202.39,33.47,202.31,1027.71,202.4,526.15,202.3,1473.57,202.41,1425.63,202.29,1693.32,202.42,930.9,202.28,2581.28,202.43,2905.59,202.27,1887.5,202.44,1723.98,202.26,1191.49,202.45,1307.19,202.25,1585.94,202.46,2099.78,202.24,3129.76,202.47,4063.87,202.23,1367.26,202.48,1692.59,202.22,3220.77,202.49,2837.44,202.21,5090.19,202.5,496.75,202.2,2887.22,202.51,1592.4,202.19,1464.04,202.52,2776.14,202.18,542.04,202.53,918.81,202.17,1213.17,202.54,1043.95,202.16,2346.89,202.55,2480.63,202.15,338.91,202.56,1507.29
1757015226.709371,1757015226294,1757015226294,202.34,3610.51,202.35,44.6,202.33,3913.17,202.38,12.0,202.32,1056.43,202.39,43.35,202.31,731.18,202.4,316.35,202.3,1960.88,202.41,917.43,202.29,1582.51,202.42,1363.49,202.28,3063.59,202.43,3317.62,202.27,2084.95,202.44,2044.28,202.26,1206.34,202.45,714.5,202.25,2068.25,202.46,2094.84,202.24,3130.8,202.47,4656.49,202.23,884.95,202.48,1704.83,202.22,3220.77,202.49,2768.76,202.21,5090.19,202.5,496.75,202.2,2404.91,202.51,1592.4,202.19,1022.1,202.52,2776.14,202.18,750.13,202.53,918.81,202.17,1205.17,202.54,1043.95,202.16,2346.89,202.55,2480.63,202.15,338.91,202.56,1497.41
1757015227.2599628,1757015226843,1757015226843,202.34,4550.55,202.35,45.74,202.33,4534.58,202.4,38.84,202.32,1769.28,202.41,191.07,202.31,917.61,202.42,145.55,202.3,1814.54,202.43,2224.05,202.29,1558.91,202.44,2395.7,202.28,4636.71,202.45,989.85,202.27,1708.01,202.46,2075.38,202.26,1187.56,202.47,4035.59,202.25,2073.15,202.48,1422.88,202.24,1226.46,202.49,1469.85,202.23,650.22,202.5,520.71,202.22,3173.77,202.51,2405.2,202.21,4571.52,202.52,2275.69,202.2,2404.91,202.53,918.81,202.19,1053.92,202.54,1586.58,202.18,750.13,202.55,2491.99,202.17,1190.71,202.56,1502.35,202.16,2337.01,202.57,1861.43,202.15,338.91,202.58,199.59
1757015227.7812178,1757015227427,1757015227427,202.39,1341.04,202.4,26.49,202.38,576.11,202.41,191.07,202.37,567.93,202.42,52.24,202.36,565.66,202.43,2434.67,202.35,582.68,202.44,1978.48,202.34,5914.99,202.45,1274.22,202.33,4534.58,202.46,2297.39,202.32,1783.06,202.47,4035.59,202.31,916.23,202.48,1422.88,202.3,1814.54,202.49,1469.85,202.29,1573.76,202.5,557.63,202.28,4650.55,202.51,2410.14,202.27,2171.89,202.52,2576.61,202.26,1241.32,202.53,938.62,202.25,1472.0,202.54,1586.58,202.24,1182.21,202.55,2590.72,202.23,650.22,202.56,1059.58,202.22,2846.26,202.57,1861.43,202.21,4557.52,202.58,199.59,202.2,2404.91,202.59,857.83
1757015228.286896,1757015227912,1757015227912,202.39,1365.44,202.4,79.32,202.38,5.92,202.41,184.79,202.37,146.4,202.42,161.89,202.36,755.38,202.43,2424.79,202.35,1462.73,202.44,2079.15,202.34,2670.41,202.45,1225.01,202.33,3158.02,202.46,2302.33,202.32,963.79,202.47,4035.59,202.31,670.31,202.48,1600.5,202.3,1769.54,202.49,1469.85,202.29,2322.67,202.5,833.99,202.28,4660.43,202.51,2410.14,202.27,1708.13,202.52,2576.61,202.26,1121.76,202.53,1127.01,202.25,1552.49,202.54,1586.58,202.24,1204.61,202.55,2590.72,202.23,1132.53,202.56,1059.58,202.22,2841.32,202.57,1861.43,202.21,4557.52,202.58,199.59,202.2,2390.08,202.59,857.83
1757015228.973094,1757015228519,1757015228519,202.39,185.53,202.4,2649.12,202.37,19.29,202.41,343.89,202.36,20.0,202.42,1060.7,202.35,445.02,202.43,3289.29,202.34,1522.1,202.44,2139.04,202.33,2194.37,202.45,1157.79,202.32,1083.41,202.46,2877.0,202.31,1156.56,202.47,3442.97,202.3,3287.23,202.48,1600.5,202.29,2317.73,202.49,981.99,202.28,4196.68,202.5,855.03,202.27,1019.51,202.51,2410.14,202.26,639.45,202.52,2675.35,202.25,1476.94,202.53,1127.01,202.24,722.3,202.54,1549.53,202.23,1713.72,202.55,4328.58,202.22,2697.99,202.56,1069.46,202.21,4533.93,202.57,1861.43,202.2,704.49,202.58,197.13,202.19,1205.02,202.59,847.95
1757015229.5524454,1757015229098,1757015229098,202.39,185.53,202.4,2650.6,202.37,19.29,202.41,610.35,202.36,20.0,202.42,1071.58,202.35,117.09,202.43,3290.76,202.34,1497.1,202.44,2189.39,202.33,2128.01,202.45,1374.39,202.32,854.21,202.46,2875.53,202.31,1601.05,202.47,3442.97,202.3,3292.23,202.48,1376.61,202.29,2331.24,202.49,918.24,202.28,3998.55,202.5,869.85,202.27,1010.62,202.51,2410.14,202.26,834.76,202.52,2675.35,202.25,1472.5,202.53,1309.47,202.24,982.41,202.54,2038.49,202.23,1713.72,202.55,4314.74,202.22,2697.99,202.56,1069.46,202.21,3988.66,202.57,1861.43,202.2,704.49,202.58,199.59,202.19,1077.53,202.59,847.95
1757015230.4775693,1757015229804,1757015229804,202.39,81.05,202.4,1894.24,202.36,20.0,202.41,1005.08,202.35,1015.19,202.42,3849.06,202.34,867.56,202.43,2698.03,202.33,2198.16,202.44,1588.18,202.32,1417.6,202.45,1937.43,202.31,1604.99,202.46,2648.58,202.3,3062.61,202.47,4035.58,202.29,2040.58,202.48,1437.21,202.28,3405.41,202.49,918.24,202.27,1132.97,202.5,833.11,202.26,834.76,202.51,2415.08,202.25,1620.83,202.52,3163.25,202.24,982.41,202.53,1309.47,202.23,1614.84,202.54,2038.49,202.22,2697.99,202.55,4314.74,202.21,4483.1,202.56,1069.46,202.2,620.08,202.57,1861.43,202.19,637.91,202.58,199.59,202.18,715.15,202.59,847.95
1757015230.6761303,1757015230215,1757015230215,202.39,81.05,202.4,2487.48,202.37,9.88,202.41,1014.96,202.36,20.0,202.42,3256.28,202.35,177.62,202.43,2698.03,202.34,904.87,202.44,1819.97,202.33,2920.29,202.45,1712.33,202.32,824.56,202.46,2648.58,202.31,1604.99,202.47,4035.58,202.3,3655.69,202.48,1496.47,202.29,2175.77,202.49,918.24,202.28,3410.36,202.5,833.11,202.27,1502.82,202.51,2415.08,202.26,834.76,202.52,3163.25,202.25,2837.8,202.53,1309.47,202.24,982.41,202.54,1687.59,202.23,1614.84,202.55,4314.74,202.22,2702.89,202.56,1069.46,202.21,4483.1,202.57,1861.43,202.2,620.08,202.58,199.59,202.19,637.91,202.59,847.95
1757015231.1274083,1757015230776,1757015230776,202.39,81.05,202.4,2813.0,202.36,20.0,202.41,1005.08,202.35,187.5,202.42,2959.9,202.34,904.87,202.43,2916.66,202.33,2791.16,202.44,1819.97,202.32,605.47,202.45,1712.33,202.31,1750.08,202.46,2648.58,202.3,3739.56,202.47,4035.58,202.29,2175.77,202.48,1496.47,202.28,3415.36,202.49,928.17,202.27,1502.82,202.5,838.05,202.26,1220.33,202.51,2415.08,202.25,2842.74,202.52,3163.25,202.24,1081.29,202.53,1083.96,202.23,1614.84,202.54,1687.59,202.22,2702.89,202.55,4314.74,202.21,4483.1,202.56,1069.46,202.2,577.6,202.57,1861.43,202.19,409.95,202.58,199.59,202.18,715.15,202.59,847.95
1757015231.6514027,1757015231287,1757015231287,202.39,85.1,202.4,1263.04,202.37,6.0,202.41,950.84,202.36,20.0,202.42,1006.92,202.35,172.41,202.43,3290.76,202.34,1137.48,202.44,2086.69,202.33,2738.44,202.45,1119.66,202.32,2373.75,202.46,2642.66,202.31,2040.5,202.47,4035.59,202.3,3734.32,202.48,1496.47,202.29,2042.06,202.49,928.17,202.28,3543.64,202.5,1430.6,202.27,855.85,202.51,2410.14,202.26,1220.33,202.52,3163.25,202.25,2837.8,202.53,1083.96,202.24,982.41,202.54,1537.85,202.23,1614.84,202.55,4314.74,202.22,2220.58,202.56,1059.58,202.21,4483.1,202.57,1861.43,202.2,577.6,202.58,199.59,202.19,394.76,202.59,867.83
1757015232.1729305,1757015231797,1757015231797,202.39,81.05,202.4,2750.74,202.36,76.48,202.41,424.91,202.35,242.7,202.42,1006.92,202.34,1137.48,202.43,3290.76,202.33,3262.98,202.44,2095.12,202.32,1187.69,202.45,1119.66,202.31,2040.5,202.46,2672.29,202.3,4327.41,202.47,3442.97,202.29,2635.17,202.48,1496.47,202.28,3425.24,202.49,933.11,202.27,949.77,202.5,1430.6,202.26,1220.33,202.51,2410.14,202.25,2837.8,202.52,3163.25,202.24,982.41,202.53,1083.96,202.23,1152.94,202.54,1537.85,202.22,2220.58,202.55,4314.74,202.21,4506.69,202.56,1059.58,202.2,577.6,202.57,1861.43,202.19,384.88,202.58,199.59,202.18,715.15,202.59,867.83
1757015232.7403762,1757015232342,1757015232342,202.39,81.05,202.4,2005.73,202.36,219.51,202.41,1113.22,202.35,842.4,202.42,1303.3,202.34,1124.93,202.43,2698.03,202.33,2314.17,202.44,1798.77,202.32,1351.52,202.45,1712.34,202.31,2040.5,202.46,2672.29,202.3,4327.41,202.47,3442.97,202.29,2694.48,202.48,1496.47,202.28,3430.19,202.49,1137.59,202.27,963.61,202.5,1430.6,202.26,1696.44,202.51,2410.14,202.25,2837.8,202.52,3163.25,202.24,982.41,202.53,1083.96,202.23,1934.89,202.54,1537.85,202.22,2220.58,202.55,4314.74,202.21,4506.69,202.56,1059.58,202.2,646.78,202.57,1861.43,202.19,384.88,202.58,199.59,202.18,715.15,202.59,867.83
1757015233.3569193,1757015232901,1757015232901,202.35,1013.77,202.36,218.38,202.34,1118.42,202.37,98.82,202.33,2917.63,202.38,98.82,202.32,1351.3,202.39,1336.18,202.31,2060.56,202.4,1133.79,202.3,4472.54,202.41,1128.04,202.29,2694.48,202.42,1303.3,202.28,3425.25,202.43,2711.61,202.27,963.61,202.44,1976.43,202.26,1696.44,202.45,1712.34,202.25,2837.8,202.46,2672.29,202.24,987.35,202.47,3442.97,202.23,1934.89,202.48,1295.29,202.22,2220.58,202.49,1137.59,202.21,4506.69,202.5,1454.15,202.2,646.78,202.51,2410.14,202.19,384.88,202.52,3163.25,202.18,715.15,202.53,1083.96,202.17,1180.83,202.54,1537.85,202.16,2346.89,202.55,4314.74
1757015233.797516,1757015233442,1757015233442,202.35,1911.81,202.36,8.83,202.34,1118.42,202.39,25.0,202.33,2324.68,202.4,510.03,202.32,1542.95,202.41,1166.48,202.31,2060.56,202.42,1328.8,202.3,4472.54,202.43,2711.61,202.29,2694.48,202.44,1976.43,202.28,3430.2,202.45,1712.34,202.27,963.61,202.46,2672.29,202.26,1696.44,202.47,3442.97,202.25,2837.8,202.48,1295.29,202.24,987.35,202.49,1137.59,202.23,1934.89,202.5,1459.09,202.22,2220.58,202.51,2410.14,202.21,4506.69,202.52,3163.25,202.2,646.78,202.53,1083.96,202.19,384.88,202.54,1524.01,202.18,715.15,202.55,4314.74,202.17,1180.83,202.56,1055.63,202.16,2346.89,202.57,1861.43
1757015234.3229349,1757015233982,1757015233982,202.35,2098.39,202.36,8.83,202.34,1118.42,202.39,25.0,202.33,2334.25,202.4,515.0,202.32,1542.95,202.41,1166.48,202.31,2060.56,202.42,1328.8,202.3,4472.54,202.43,2928.98,202.29,2635.39,202.44,1976.43,202.28,3430.2,202.45,1712.34,202.27,1065.31,202.46,2672.29,202.26,1710.28,202.47,3442.97,202.25,2837.8,202.48,1295.29,202.24,987.35,202.49,1132.65,202.23,1934.89,202.5,1467.53,202.22,2220.58,202.51,2410.14,202.21,4506.69,202.52,3163.25,202.2,646.78,202.53,1017.8,202.19,384.88,202.54,1524.01,202.18,715.15,202.55,4314.74,202.17,1180.83,202.56,1055.63,202.16,2346.89,202.57,1861.43
1757015234.8937583,1757015234526,1757015234526,202.35,2507.9,202.36,2.71,202.34,1119.56,202.38,1.48,202.33,2334.25,202.39,37.0,202.32,1542.95,202.4,515.0,202.31,1823.34,202.41,552.35,202.3,4472.54,202.42,1921.58,202.29,2635.39,202.43,2928.98,202.28,3430.2,202.44,1976.43,202.27,1070.25,202.45,1712.34,202.26,1710.28,202.46,2672.29,202.25,2837.8,202.47,3442.97,202.24,987.35,202.48,1295.29,202.23,1934.89,202.49,1132.65,202.22,2220.58,202.5,1467.53,202.21,4506.69,202.51,2410.14,202.2,646.78,202.52,3163.25,202.19,384.88,202.53,1017.8,202.18,715.15,202.54,1524.01,202.17,1180.83,202.55,4301.57,202.16,2346.89,202.56,1055.63
1757015235.5895865,1757015235147,1757015235147,202.35,2532.06,202.36,0.09,202.34,1607.77,202.38,1.48,202.33,2332.07,202.39,12.0,202.32,1457.51,202.4,140.16,202.31,2246.35,202.41,305.41,202.3,4472.54,202.42,651.56,202.29,2635.39,202.43,2928.98,202.28,2952.84,202.44,2564.2,202.27,1267.71,202.45,1119.66,202.26,2192.59,202.46,2672.29,202.25,3057.22,202.47,4035.59,202.24,987.35,202.48,1295.29,202.23,1934.89,202.49,1132.65,202.22,2220.58,202.5,1467.53,202.21,4989.0,202.51,2410.14,202.2,164.47,202.52,3163.25,202.19,394.76,202.53,1017.8,202.18,232.84,202.54,1670.72,202.17,1195.33,202.55,4301.57,202.16,2337.01,202.56,1055.63
1757015235.9935298,1757015235554,1757015235554,202.35,2575.0,202.36,0.09,202.34,1054.49,202.38,1.48,202.33,2305.07,202.4,107.49,202.32,2334.47,202.41,317.41,202.31,1949.83,202.42,1618.35,202.3,3879.45,202.43,2912.7,202.29,2247.2,202.44,2267.84,202.28,2779.65,202.45,1119.66,202.27,920.42,202.46,2669.66,202.26,2206.58,202.47,4035.59,202.25,3057.22,202.48,1295.29,202.24,1469.66,202.49,1132.65,202.23,1934.89,202.5,1467.53,202.22,2220.58,202.51,2410.14,202.21,4989.0,202.52,3163.25,202.2,164.47,202.53,1017.8,202.19,248.41,202.54,1670.72,202.18,232.84,202.55,4301.57,202.17,1195.33,202.56,1055.63,202.16,2337.01,202.57,1861.43
1757015236.527584,1757015236118,1757015236118,202.35,1565.31,202.36,20.43,202.34,1014.8,202.37,293.93,202.33,3386.14,202.38,1.48,202.32,1403.02,202.39,265.42,202.31,1559.5,202.4,1111.69,202.3,3856.42,202.41,745.27,202.29,2247.19,202.42,816.49,202.28,3257.02,202.43,3505.43,202.27,1205.28,202.44,2194.25,202.26,2192.74,202.45,1712.33,202.25,3071.06,202.46,2669.66,202.24,1482.66,202.47,3442.75,202.23,1922.38,202.48,1318.85,202.22,2220.58,202.49,965.35,202.21,4952.36,202.5,851.43,202.2,111.07,202.51,2410.14,202.19,238.53,202.52,3064.51,202.18,232.84,202.53,1017.8,202.17,1195.33,202.54,1670.72,202.16,2346.89,202.55,4301.57
1757015237.0289555,1757015236680,1757015236680,202.35,2174.09,202.36,20.43,202.34,1014.8,202.37,293.93,202.33,3193.83,202.38,1.48,202.32,1408.94,202.39,271.82,202.31,1559.5,202.4,1073.47,202.3,3856.42,202.41,1376.96,202.29,2301.56,202.42,780.62,202.28,3257.02,202.43,3505.43,202.27,1218.63,202.44,2228.82,202.26,2197.68,202.45,2305.23,202.25,3071.06,202.46,2669.66,202.24,1482.66,202.47,3442.75,202.23,1922.38,202.48,1318.85,202.22,2220.58,202.49,965.35,202.21,4952.36,202.5,1333.83,202.2,111.07,202.51,2410.14,202.19,262.12,202.52,3064.51,202.18,232.84,202.53,1017.8,202.17,1195.33,202.54,1670.72,202.16,2346.89,202.55,4301.57
1757015237.573643,1757015237191,1757015237191,202.36,1886.67,202.37,309.36,202.35,1395.43,202.38,1.48,202.34,1014.8,202.39,25.38,202.33,2305.29,202.4,356.33,202.32,1403.02,202.41,742.35,202.31,1559.5,202.42,1436.51,202.3,3856.42,202.43,2912.7,202.29,2242.25,202.44,2494.75,202.28,3416.26,202.45,1712.56,202.27,1416.09,202.46,2669.66,202.26,2197.68,202.47,3442.75,202.25,3071.06,202.48,1911.45,202.24,1482.66,202.49,965.35,202.23,1922.38,202.5,1333.83,202.22,2220.58,202.51,2410.14,202.21,4952.36,202.52,3064.51,202.2,111.07,202.53,1017.8,202.19,262.12,202.54,1670.72,202.18,232.84,202.55,4301.57,202.17,1195.33,202.56,1065.51
1757015238.104129,1757015237724,1757015237724,202.36,2283.05,202.37,288.93,202.35,671.19,202.39,24.0,202.34,1014.8,202.4,357.71,202.33,2305.29,202.41,513.8,202.32,1403.02,202.42,830.32,202.31,1547.21,202.43,3505.44,202.3,3990.22,202.44,2199.19,202.29,2242.25,202.45,1119.88,202.28,3577.08,202.46,2669.66,202.27,1421.03,202.47,4035.37,202.26,2211.52,202.48,1911.45,202.25,3057.22,202.49,965.35,202.24,1469.66,202.5,851.43,202.23,1922.38,202.51,2410.14,202.22,2220.58,202.52,3064.51,202.21,4952.36,202.53,1017.8,202.2,111.07,202.54,1670.72,202.19,262.12,202.55,4301.57,202.18,232.84,202.56,1055.63,202.17,1195.33,202.57,1866.37
1757015238.585351,1757015238268,1757015238268,202.38,483.76,202.39,25.48,202.37,500.76,202.4,93.87,202.36,2535.55,202.41,171.68,202.35,685.2,202.42,145.55,202.34,2380.32,202.43,2737.9,202.33,2906.24,202.44,2786.96,202.32,1302.4,202.45,1121.13,202.31,1640.42,202.46,2699.29,202.3,3744.27,202.47,4228.52,202.29,2242.25,202.48,1887.89,202.28,3577.08,202.49,965.35,202.27,848.76,202.5,851.43,202.26,2192.74,202.51,2508.89,202.25,3201.82,202.52,3064.51,202.24,987.35,202.53,1078.9,202.23,1440.07,202.54,1670.72,202.22,2220.58,202.55,4301.57,202.21,4972.76,202.56,1055.63,202.2,111.07,202.57,1866.37,202.19,248.41,202.58,199.59
1757015239.1826568,1757015238839,1757015238839,202.38,3064.12,202.39,12.0,202.37,1131.85,202.4,345.11,202.36,342.25,202.41,185.16,202.35,943.24,202.42,25.0,202.34,2973.29,202.43,799.26,202.33,3324.04,202.44,976.44,202.32,1307.4,202.45,802.49,202.31,1620.36,202.46,3754.48,202.3,3757.93,202.47,2960.44,202.29,1752.71,202.48,592.33,202.28,4639.57,202.49,1552.97,202.27,835.41,202.5,1157.87,202.26,2192.74,202.51,3353.08,202.25,2327.5,202.52,3063.86,202.24,972.41,202.53,881.42,202.23,1440.07,202.54,1769.45,202.22,2220.58,202.55,4445.05,202.21,5132.25,202.56,1055.63,202.2,111.07,202.57,1866.37,202.19,2365.51,202.58,197.13
1757015239.723841,1757015239359,1757015239359,202.4,2265.2,202.43,19.5,202.39,1309.44,202.44,10.4,202.38,5514.38,202.45,39.35,202.37,517.46,202.46,634.51,202.36,1656.82,202.47,866.89,202.35,1214.98,202.48,860.97,202.34,2340.5,202.49,980.66,202.33,3688.72,202.5,1251.96,202.32,2288.58,202.51,1662.57,202.31,1625.31,202.52,3560.84,202.3,3172.71,202.53,2056.42,202.29,2086.18,202.54,1528.94,202.28,3395.78,202.55,3234.43,202.27,816.57,202.56,1114.63,202.26,1470.34,202.57,1832.69,202.25,3660.77,202.58,196.15,202.24,423.66,202.59,718.24,202.23,961.91,202.6,341.12,202.22,1908.39,202.61,464.08,202.21,2751.73,202.62,104.64
1757015240.754265,1757015240060,1757015240060,202.42,2267.54,202.43,7.6,202.41,1721.06,202.44,7.84,202.4,501.36,202.45,58.64,202.39,1055.41,202.46,649.18,202.38,3203.09,202.47,974.5,202.37,611.17,202.48,2998.93,202.36,1661.34,202.49,1827.41,202.35,448.7,202.5,1230.61,202.34,2526.33,202.51,1845.31,202.33,4016.37,202.52,3905.79,202.32,2446.89,202.53,2156.52,202.31,2556.86,202.54,2089.1,202.3,3194.6,202.55,3288.34,202.29,2072.34,202.56,1114.63,202.28,3459.46,202.57,2343.22,202.27,523.61,202.58,342.45,202.26,1213.29,202.59,528.63,202.25,3202.04,202.6,202.14,202.24,261.49,202.61,424.77,202.23,912.86,202.62,63.09
1757015240.8873153,1757015240464,1757015240464,202.42,2499.06,202.43,6.86,202.41,102.15,202.44,7.84,202.4,434.77,202.45,58.64,202.39,1055.41,202.46,649.18,202.38,3234.0,202.47,974.5,202.37,611.17,202.48,3306.38,202.36,1759.5,202.49,1817.54,202.35,448.7,202.5,1334.06,202.34,2531.28,202.51,1845.53,202.33,4031.22,202.52,4483.84,202.32,2574.73,202.53,2161.46,202.31,3057.18,202.54,2098.98,202.3,3194.6,202.55,3288.34,202.29,2072.34,202.56,1114.63,202.28,3420.84,202.57,3293.97,202.27,523.61,202.58,252.8,202.26,1213.29,202.59,528.63,202.25,3202.04,202.6,202.14,202.24,261.49,202.61,2246.99,202.23,912.86,202.62,63.09
1757015241.3196366,1757015240884,1757015240884,202.42,2153.6,202.43,1.48,202.41,181.51,202.44,7.84,202.4,434.77,202.45,64.92,202.39,1055.41,202.46,699.37,202.38,3355.85,202.47,974.5,202.37,670.45,202.48,3316.25,202.36,1758.49,202.49,1728.96,202.35,448.7,202.5,1334.06,202.34,2531.28,202.51,2294.2,202.33,4130.05,202.52,4483.84,202.32,2574.73,202.53,2161.46,202.31,3057.18,202.54,2098.98,202.3,3194.6,202.55,3288.34,202.29,2072.34,202.56,1114.63,202.28,3420.84,202.57,3293.97,202.27,523.61,202.58,257.74,202.26,1213.29,202.59,528.63,202.25,3206.99,202.6,745.11,202.24,261.49,202.61,2246.99,202.23,912.86,202.62,63.09
1757015241.9772098,1757015241473,1757015241473,202.42,1594.95,202.43,21.91,202.41,92.9,202.44,18.35,202.4,79.11,202.45,64.92,202.39,1055.41,202.46,1002.67,202.38,2623.31,202.47,964.62,202.37,632.2,202.48,2939.21,202.36,1599.79,202.49,2414.08,202.35,745.16,202.5,1334.06,202.34,2531.28,202.51,2289.26,202.33,3647.74,202.52,4483.84,202.32,2574.73,202.53,2161.46,202.31,3052.24,202.54,2098.98,202.3,3181.81,202.55,3288.34,202.29,2072.34,202.56,1246.47,202.28,2938.53,202.57,3293.97,202.27,489.45,202.58,329.73,202.26,1213.29,202.59,557.32,202.25,3058.66,202.6,745.11,202.24,743.8,202.61,2246.99,202.23,912.86,202.62,63.09
1757015242.4906468,1757015242062,1757015242062,202.42,1004.37,202.43,936.24,202.41,92.9,202.44,95.5,202.4,671.49,202.45,247.67,202.39,1055.41,202.46,1749.34,202.38,2750.4,202.47,968.56,202.37,1298.97,202.48,2541.92,202.36,1991.7,202.49,2442.23,202.35,1013.38,202.5,1334.06,202.34,3054.14,202.51,2289.26,202.33,3647.74,202.52,4483.84,202.32,2377.27,202.53,1573.95,202.31,2069.61,202.54,2098.98,202.3,3181.81,202.55,3415.57,202.29,2121.18,202.56,1246.47,202.28,2975.67,202.57,3254.5,202.27,489.45,202.58,231.01,202.26,1213.29,202.59,557.32,202.25,3063.61,202.6,745.11,202.24,743.8,202.61,2246.99,202.23,912.86,202.62,63.09
1757015243.0770311,1757015242657,1757015242657,202.42,390.4,202.43,1159.16,202.4,102.36,202.44,298.22,202.39,804.37,202.45,1126.86,202.38,2990.65,202.46,1805.65,202.37,758.18,202.47,3053.28,202.36,1248.6,202.48,2756.23,202.35,981.09,202.49,2794.73,202.34,2461.17,202.5,1329.12,202.33,3291.42,202.51,2289.04,202.32,1753.75,202.52,3899.72,202.31,2069.61,202.53,1573.95,202.3,3186.63,202.54,2075.43,202.29,2616.22,202.55,3914.12,202.28,2601.91,202.56,1246.47,202.27,966.76,202.57,3312.93,202.26,1707.31,202.58,380.6,202.25,3040.03,202.59,557.32,202.24,728.95,202.6,745.11,202.23,826.14,202.61,2246.99,202.22,1508.5,202.62,63.09
1757015243.7194579,1757015243165,1757015243165,202.42,509.6,202.43,895.51,202.41,1.14,202.44,110.95,202.4,25.21,202.45,1101.63,202.39,829.44,202.46,2398.31,202.38,2948.17,202.47,1159.99,202.37,1046.98,202.48,2509.53,202.36,1252.54,202.49,2781.44,202.35,1343.04,202.5,1329.12,202.34,2958.48,202.51,2293.98,202.33,3232.12,202.52,3914.54,202.32,1961.11,202.53,1573.95,202.31,2074.56,202.54,2080.37,202.3,3086.3,202.55,3914.12,202.29,2617.7,202.56,1246.47,202.28,2601.91,202.57,3312.93,202.27,1449.07,202.58,380.6,202.26,1707.31,202.59,557.32,202.25,3522.34,202.6,745.11,202.24,728.95,202.61,2246.99,202.23,644.59,202.62,63.09
1757015244.1260278,1757015243713,1757015243713,202.42,1107.32,202.43,338.18,202.41,608.53,202.44,14.86,202.4,89.57,202.45,50.58,202.39,833.5,202.46,851.86,202.38,3425.46,202.47,911.57,202.37,1670.73,202.48,3349.71,202.36,1534.26,202.49,2188.66,202.35,1269.26,202.5,1263.18,202.34,2365.52,202.51,1782.05,202.33,3096.96,202.52,3403.74,202.32,1471.86,202.53,2166.4,202.31,2074.56,202.54,2376.58,202.3,4280.87,202.55,3415.57,202.29,2617.7,202.56,1345.19,202.28,2601.91,202.57,3312.93,202.27,1449.07,202.58,380.6,202.26,1707.31,202.59,557.32,202.25,3087.85,202.6,750.05,202.24,728.95,202.61,2246.99,202.23,808.49,202.62,53.21
1757015244.6216855,1757015244289,1757015244289,202.42,1638.57,202.43,338.18,202.41,674.54,202.44,1.48,202.4,114.28,202.45,40.67,202.39,1462.74,202.46,671.39,202.38,3987.37,202.47,911.57,202.37,1098.73,202.48,2487.61,202.36,1043.63,202.49,2212.15,202.35,1132.73,202.5,1252.67,202.34,2365.52,202.51,1363.22,202.33,3059.94,202.52,3403.74,202.32,1373.02,202.53,2161.46,202.31,2574.45,202.54,2889.81,202.3,4267.03,202.55,3897.88,202.29,2617.7,202.56,1345.19,202.28,2347.36,202.57,3312.93,202.27,1449.07,202.58,366.76,202.26,1707.31,202.59,557.32,202.25,3111.43,202.6,750.05,202.24,728.95,202.61,2243.04,202.23,808.49,202.62,53.21
1757015245.5054286,1757015244964,1757015244964,202.42,1409.53,202.43,363.85,202.41,81.81,202.45,40.67,202.4,208.21,202.46,738.62,202.39,1967.69,202.47,1637.63,202.38,3514.39,202.48,2231.61,202.37,492.77,202.49,2341.1,202.36,1501.38,202.5,1257.61,202.35,1132.73,202.51,2000.54,202.34,3057.3,202.52,3403.74,202.33,3173.65,202.53,1569.01,202.32,1368.08,202.54,2837.62,202.31,2574.45,202.55,3934.74,202.3,4267.03,202.56,1345.19,202.29,2617.7,202.57,3312.93,202.28,2347.36,202.58,366.76,202.27,1574.99,202.59,557.32,202.26,1707.31,202.6,750.05,202.25,3111.43,202.61,2243.04,202.24,728.95,202.62,53.21,202.23,808.49,202.63,1470.14
1757015246.0069382,1757015245441,1757015245441,202.42,1534.01,202.43,338.18,202.41,725.25,202.45,202.51,202.4,208.21,202.46,753.43,202.39,1374.88,202.47,1641.57,202.38,3581.48,202.48,2051.12,202.37,492.77,202.49,1748.55,202.36,1501.38,202.5,1257.61,202.35,1132.73,202.51,2593.05,202.34,3057.3,202.52,3403.74,202.33,3173.65,202.53,1569.01,202.32,1368.08,202.54,2837.62,202.31,2574.45,202.55,3934.74,202.3,4267.03,202.56,1345.19,202.29,2617.7,202.57,3312.93,202.28,2347.36,202.58,366.76,202.27,1574.99,202.59,557.32,202.26,1707.31,202.6,750.05,202.25,3111.43,202.61,2243.04,202.24,728.95,202.62,53.21,202.23,808.49,202.63,1470.14
1757015246.36261,1757015245973,1757015245973,202.42,2423.11,202.43,333.78,202.41,81.81,202.45,25.54,202.4,801.0,202.46,609.23,202.39,1374.88,202.47,812.48,202.38,3134.2,202.48,2461.32,202.37,399.44,202.49,1829.46,202.36,907.11,202.5,2159.16,202.35,1326.57,202.51,2000.54,202.34,3062.25,202.52,2921.43,202.33,3224.76,202.53,1798.85,202.32,1373.02,202.54,2837.62,202.31,2560.61,202.55,4044.8,202.3,4267.03,202.56,1827.5,202.29,2617.7,202.57,3312.93,202.28,2474.73,202.58,366.76,202.27,1574.99,202.59,1039.63,202.26,1757.39,202.6,750.05,202.25,3111.43,202.61,2243.04,202.24,728.95,202.62,53.21,202.23,808.49,202.63,1470.14
1757015246.8520706,1757015246473,1757015246473,202.44,216.14,202.45,31.54,202.43,216.14,202.46,601.93,202.42,2485.25,202.47,743.88,202.41,224.38,202.48,2237.49,202.4,801.0,202.49,2040.86,202.39,2071.22,202.5,2000.16,202.38,2602.74,202.51,1970.92,202.37,384.46,202.52,2921.43,202.36,907.11,202.53,1798.85,202.35,1328.05,202.54,2844.92,202.34,3062.25,202.55,4044.8,202.33,4403.98,202.56,1246.47,202.32,1373.02,202.57,2817.2,202.31,2560.61,202.58,217.17,202.3,3050.36,202.59,572.12,202.29,2616.22,202.6,750.05,202.28,2474.73,202.61,2243.04,202.27,1574.99,202.62,53.21,202.26,1703.63,202.63,1470.14,202.25,3111.43,202.64,5572.28
1757015247.5871117,1757015247037,1757015247037,202.47,12.73,202.48,38.52,202.46,21.23,202.49,255.69,202.45,29.72,202.5,205.25,202.44,4688.26,202.51,1419.8,202.43,3754.87,202.52,1129.43,202.42,682.06,202.53,1214.71,202.41,817.06,202.54,3139.63,202.4,1145.15,202.55,1587.23,202.39,1517.96,202.56,1721.65,202.38,2257.11,202.57,3317.24,202.37,934.04,202.58,2268.71,202.36,2585.51,202.59,857.03,202.35,1029.16,202.6,881.88,202.34,2586.87,202.61,2254.82,202.33,2686.49,202.62,213.04,202.32,1123.42,202.63,1470.14,202.31,2526.31,202.64,3745.39,202.3,3337.3,202.65,2379.85,202.29,3430.45,202.66,363.41,202.28,2455.82,202.67,638.04
1757015248.2499464,1757015247563,1757015247563,202.47,2169.83,202.48,414.54,202.46,848.51,202.49,33.47,202.45,1530.27,202.5,395.8,202.44,1674.24,202.51,525.08,202.43,2104.78,202.52,2072.33,202.42,912.04,202.53,903.22,202.41,674.92,202.54,2887.32,202.4,1739.8,202.55,1980.29,202.39,1989.93,202.56,1899.43,202.38,2892.51,202.57,3922.92,202.37,1471.36,202.58,2464.62,202.36,2590.45,202.59,1387.13,202.35,854.16,202.6,1367.71,202.34,2087.11,202.61,2269.62,202.33,3174.89,202.62,213.04,202.32,1128.36,202.63,785.81,202.31,2521.37,202.64,3745.39,202.3,3099.26,202.65,2298.95,202.29,3111.79,202.66,363.41,202.28,2329.93,202.67,625.68
1757015248.7216733,1757015248229,1757015248229,202.47,544.44,202.48,260.27,202.46,326.28,202.49,19.59,202.45,1125.08,202.5,203.78,202.44,1005.13,202.51,371.11,202.43,2340.66,202.52,2192.02,202.42,1048.39,202.53,1109.79,202.41,834.83,202.54,2931.75,202.4,2445.78,202.55,1486.4,202.39,2465.82,202.56,1899.43,202.38,3042.27,202.57,3932.8,202.37,1857.99,202.58,2204.5,202.36,2773.73,202.59,2010.51,202.35,1323.96,202.6,1367.71,202.34,2087.11,202.61,2338.77,202.33,3174.89,202.62,695.35,202.32,1128.36,202.63,814.45,202.31,2035.32,202.64,3745.39,202.3,2897.23,202.65,2297.47,202.29,3111.79,202.66,566.78,202.28,2198.71,202.67,1322.37
1757015249.0855243,1757015248714,1757015248714,202.47,901.46,202.48,260.27,202.46,326.28,202.49,19.59,202.45,343.17,202.5,873.44,202.44,1372.07,202.51,746.59,202.43,2423.45,202.52,1370.48,202.42,1048.39,202.53,1109.79,202.41,834.83,202.54,2427.01,202.4,2445.78,202.55,1486.4,202.39,2465.82,202.56,1899.43,202.38,3042.27,202.57,3932.8,202.37,1857.99,202.58,2204.5,202.36,2773.73,202.59,1528.2,202.35,1310.11,202.6,1367.71,202.34,2082.17,202.61,2338.77,202.33,3174.89,202.62,213.04,202.32,1128.36,202.63,814.45,202.31,1772.26,202.64,3745.39,202.3,2911.72,202.65,2297.47,202.29,3111.79,202.66,581.6,202.28,2198.71,202.67,1322.37
1757015249.666785,1757015249235,1757015249235,202.47,583.76,202.48,378.39,202.46,11.01,202.49,19.59,202.45,173.12,202.5,190.3,202.44,1533.54,202.51,1280.02,202.43,2443.19,202.52,1370.48,202.42,1011.03,202.53,1154.81,202.41,1026.25,202.54,2739.46,202.4,2505.05,202.55,1486.4,202.39,2479.73,202.56,1958.66,202.38,3042.27,202.57,3932.8,202.37,1857.99,202.58,2691.75,202.36,3276.55,202.59,1626.91,202.35,1310.11,202.6,881.88,202.34,2136.51,202.61,2821.08,202.33,3174.89,202.62,213.04,202.32,1123.42,202.63,814.45,202.31,1772.26,202.64,3745.39,202.3,2911.72,202.65,2297.47,202.29,3111.79,202.66,378.23,202.28,2284.76,202.67,1322.37
1757015250.7495577,1757015249977,1757015249977,202.47,1145.91,202.48,26.0,202.46,654.31,202.49,330.71,202.45,512.85,202.5,190.3,202.44,978.02,202.51,697.39,202.43,3081.46,202.52,1962.96,202.42,1292.26,202.53,1148.87,202.41,1026.25,202.54,2738.23,202.4,2204.34,202.55,1486.4,202.39,2344.61,202.56,1958.66,202.38,3042.27,202.57,3021.52,202.37,1857.99,202.58,2624.42,202.36,3392.71,202.59,1496.86,202.35,1310.11,202.6,1134.77,202.34,2136.51,202.61,3316.2,202.33,3394.79,202.62,65.71,202.32,1585.5,202.63,814.45,202.31,1821.06,202.64,3711.72,202.3,2847.47,202.65,2297.47,202.29,3096.94,202.66,378.23,202.28,2294.64,202.67,1322.37
1757015250.951882,1757015250391,1757015250391,202.48,748.24,202.49,318.71,202.47,1189.1,202.5,26.15,202.46,75.13,202.51,336.73,202.45,956.4,202.52,835.8,202.44,1006.07,202.53,1487.98,202.43,3071.19,202.54,2728.35,202.42,1073.03,202.55,1481.46,202.41,1148.57,202.56,1921.43,202.4,2218.86,202.57,3629.04,202.39,2307.89,202.58,2595.94,202.38,3042.27,202.59,1743.66,202.37,1857.99,202.6,1134.77,202.36,3293.9,202.61,2821.08,202.35,1310.61,202.62,65.71,202.34,2109.51,202.63,814.45,202.33,3394.79,202.64,3716.65,202.32,1575.5,202.65,2296.49,202.31,1821.06,202.66,378.23,202.3,2847.47,202.67,1317.43,202.29,3073.36,202.68,2702.41
1757015251.2637298,1757015250927,1757015250927,202.48,1820.59,202.49,320.19,202.47,636.54,202.5,26.15,202.46,252.23,202.51,346.6,202.45,808.29,202.52,1492.06,202.44,1012.8,202.53,988.79,202.43,2843.44,202.54,3469.21,202.42,1059.27,202.55,1481.46,202.41,1168.57,202.56,1921.43,202.4,2252.81,202.57,3629.04,202.39,2347.47,202.58,2595.94,202.38,3111.39,202.59,1743.66,202.37,1876.5,202.6,1158.31,202.36,3293.9,202.61,2826.02,202.35,1366.37,202.62,65.71,202.34,2109.51,202.63,814.45,202.33,3394.79,202.64,3861.71,202.32,1575.5,202.65,2296.49,202.31,1844.63,202.66,378.23,202.3,2847.47,202.67,1317.43,202.29,3073.36,202.68,2702.41
1757015251.8482223,1757015251485,1757015251485,202.48,1392.91,202.49,318.71,202.47,231.74,202.5,26.15,202.46,185.66,202.51,548.62,202.45,1032.12,202.52,1017.87,202.44,1012.8,202.53,1596.07,202.43,2836.92,202.54,3469.21,202.42,1059.27,202.55,1531.07,202.41,1203.57,202.56,1926.37,202.4,2262.71,202.57,3629.04,202.39,2357.37,202.58,2595.94,202.38,3111.39,202.59,1675.27,202.37,2288.65,202.6,1163.25,202.36,3293.9,202.61,2826.02,202.35,1366.37,202.62,568.68,202.34,2109.51,202.63,814.45,202.33,3394.79,202.64,3861.71,202.32,1565.5,202.65,1857.87,202.31,1831.29,202.66,378.23,202.3,2847.47,202.67,1317.43,202.29,3073.36,202.68,2707.35
1757015252.589133,1757015252120,1757015252120,202.48,1913.78,202.49,318.81,202.47,216.2,202.5,27.53,202.46,316.9,202.51,89.84,202.45,439.49,202.52,472.63,202.44,1676.29,202.53,956.84,202.43,3436.94,202.54,3125.47,202.42,1059.27,202.55,1876.62,202.41,1203.57,202.56,1334.01,202.4,1610.66,202.57,3925.2,202.39,1773.11,202.58,2650.22,202.38,3248.92,202.59,1192.96,202.37,2283.71,202.6,1755.49,202.36,3293.9,202.61,2953.5,202.35,1366.37,202.62,794.78,202.34,2109.51,202.63,1282.92,202.33,2899.09,202.64,3875.55,202.32,1565.5,202.65,1857.87,202.31,1845.36,202.66,378.23,202.3,2847.47,202.67,1317.43,202.29,3073.36,202.68,2780.11
1757015253.1271648,1757015252667,1757015252667,202.48,2511.92,202.49,6.21,202.47,219.87,202.51,48.27,202.46,429.65,202.52,218.67,202.45,1293.49,202.53,224.12,202.44,2236.79,202.54,2132.91,202.43,2906.37,202.55,1700.64,202.42,2036.42,202.56,1571.25,202.41,1470.14,202.57,3386.84,202.4,1609.28,202.58,1171.06,202.39,2506.93,202.59,1084.37,202.38,3646.26,202.6,1203.65,202.37,1855.4,202.61,1131.28,202.36,1595.28,202.62,2188.15,202.35,1318.23,202.63,800.61,202.34,3197.37,202.64,3716.65,202.33,2416.78,202.65,2340.18,202.32,1560.55,202.66,378.23,202.31,1342.93,202.67,1317.43,202.3,2250.85,202.68,2780.11,202.29,1248.26,202.69,375.01
1757015253.7604735,1757015253273,1757015253273,202.5,1865.64,202.51,48.27,202.49,824.39,202.52,224.94,202.48,1172.28,202.53,230.05,202.47,287.96,202.54,2038.25,202.46,1035.91,202.55,1829.46,202.45,1265.03,202.56,1885.58,202.44,2289.08,202.57,3591.85,202.43,3295.03,202.58,1171.06,202.42,2210.29,202.59,1084.37,202.41,1475.08,202.6,1262.87,202.4,1708.07,202.61,1745.63,202.39,2821.41,202.62,2730.78,202.38,4128.41,202.63,1750.87,202.37,2000.38,202.64,3770.65,202.36,1585.4,202.65,2340.18,202.35,1623.23,202.66,378.23,202.34,2888.37,202.67,1317.43,202.33,2440.35,202.68,2780.11,202.32,1259.36,202.69,375.01,202.31,1149.02,202.7,320.15
1757015254.2142043,1757015253795,1757015253795,202.5,2238.93,202.51,48.27,202.49,272.68,202.52,224.94,202.48,816.65,202.53,206.74,202.47,325.54,202.54,2215.37,202.46,1035.91,202.55,1829.46,202.45,1041.2,202.56,1659.55,202.44,2282.35,202.57,3562.24,202.43,3325.03,202.58,1171.06,202.42,2187.94,202.59,1084.37,202.41,1504.78,202.6,1071.82,202.4,1708.07,202.61,1750.57,202.39,2805.47,202.62,2863.37,202.38,4133.35,202.63,1652.18,202.37,2000.38,202.64,3902.45,202.36,1585.4,202.65,2821.54,202.35,1623.23,202.66,392.07,202.34,2888.37,202.67,1317.43,202.33,2440.35,202.68,2780.11,202.32,1259.36,202.69,375.01,202.31,1149.02,202.7,320.15
1757015254.7494957,1757015254369,1757015254369,202.5,1885.48,202.51,48.27,202.49,420.37,202.52,224.94,202.48,767.27,202.53,216.61,202.47,325.54,202.54,2215.37,202.46,780.32,202.55,1829.46,202.45,1002.29,202.56,1689.16,202.44,2282.35,202.57,3563.71,202.43,3330.03,202.58,1171.06,202.42,2202.79,202.59,1279.2,202.41,1509.73,202.6,1071.82,202.4,1708.07,202.61,1750.57,202.39,2805.47,202.62,2962.06,202.38,4133.35,202.63,1652.18,202.37,2000.38,202.64,4137.0,202.36,1585.4,202.65,2821.54,202.35,1623.23,202.66,392.07,202.34,2888.37,202.67,1317.43,202.33,2440.35,202.68,2780.11,202.32,1259.36,202.69,375.01,202.31,1149.02,202.7,320.15
1757015255.8380096,1757015255153,1757015255153,202.5,1269.31,202.51,328.85,202.49,208.92,202.52,224.94,202.48,29.89,202.53,343.25,202.47,1096.58,202.54,2463.54,202.46,810.17,202.55,1829.46,202.45,671.96,202.56,1659.55,202.44,1630.41,202.57,3780.02,202.43,3330.03,202.58,1171.06,202.42,2795.51,202.59,1219.98,202.41,1509.73,202.6,1071.82,202.4,1609.28,202.61,1755.51,202.39,2816.05,202.62,2863.37,202.38,4133.35,202.63,1652.18,202.37,1827.9,202.64,4137.0,202.36,1082.58,202.65,2817.59,202.35,1623.23,202.66,392.07,202.34,2888.37,202.67,3139.11,202.33,2440.35,202.68,2780.11,202.32,1259.36,202.69,375.01,202.31,1149.02,202.7,325.09
1757015255.9861968,1757015255517,1757015255517,202.5,1356.73,202.51,328.85,202.49,15.97,202.52,234.81,202.48,29.89,202.53,356.58,202.47,1096.58,202.54,3085.58,202.46,764.53,202.55,1237.05,202.45,485.45,202.56,1659.55,202.44,1630.41,202.57,3780.02,202.43,3359.66,202.58,1230.29,202.42,2795.51,202.59,1219.98,202.41,1509.73,202.6,1170.52,202.4,1609.28,202.61,1755.51,202.39,2875.33,202.62,2863.37,202.38,4133.35,202.63,1652.18,202.37,1827.9,202.64,4137.0,202.36,1082.58,202.65,2817.59,202.35,1623.23,202.66,1081.02,202.34,2888.37,202.67,3139.11,202.33,2440.35,202.68,2780.11,202.32,1259.36,202.69,375.01,202.31,1149.02,202.7,325.09
1757015256.4871264,1757015256065,1757015256065,202.5,1004.15,202.51,176.71,202.49,15.97,202.52,224.94,202.48,917.5,202.53,999.27,202.47,504.01,202.54,2697.77,202.46,754.66,202.55,1237.05,202.45,892.6,202.56,2176.52,202.44,1630.41,202.57,3780.02,202.43,3617.12,202.58,1171.06,202.42,2795.51,202.59,1219.98,202.41,1546.76,202.6,1170.52,202.4,1609.28,202.61,1755.51,202.39,2829.89,202.62,2863.37,202.38,4119.51,202.63,1657.11,202.37,1813.9,202.64,4137.0,202.36,1082.58,202.65,2817.59,202.35,1623.23,202.66,1081.02,202.34,2888.37,202.67,3139.11,202.33,2440.35,202.68,2780.11,202.32,1259.36,202.69,375.01,202.31,1149.02,202.7,325.09
1757015256.986133,1757015256614,1757015256614,202.49,1.46,202.5,3728.34,202.46,69.6,202.51,2611.75,202.44,29.6,202.52,2523.71,202.43,88.19,202.53,1493.35,202.42,419.63,202.54,1839.49,202.41,567.65,202.55,2666.13,202.4,733.07,202.56,2386.81,202.39,1394.23,202.57,3512.16,202.38,2668.74,202.58,573.82,202.37,1415.72,202.59,2671.85,202.36,1082.58,202.6,1291.09,202.35,1145.87,202.61,1829.99,202.34,1706.14,202.62,1146.14,202.33,2179.14,202.63,1659.27,202.32,1852.38,202.64,4000.27,202.31,1139.14,202.65,2349.12,202.3,2265.44,202.66,1067.18,202.29,1610.84,202.67,3139.11,202.28,2451.16,202.68,2780.11,202.27,442.06,202.69,375.01
1757015257.6110601,1757015257140,1757015257140,202.49,1.46,202.5,6207.67,202.43,31.54,202.51,2034.97,202.42,34.18,202.52,2427.25,202.41,77.15,202.53,1655.24,202.4,671.62,202.54,2434.24,202.39,815.27,202.55,1572.45,202.38,3009.0,202.56,1438.22,202.37,258.5,202.57,3336.22,202.36,556.45,202.58,497.34,202.35,2007.19,202.59,1171.01,202.34,2327.31,202.6,689.44,202.33,2965.26,202.61,829.88,202.32,1415.41,202.62,1133.64,202.31,1700.97,202.63,1664.22,202.3,2742.75,202.64,3706.78,202.29,1774.67,202.65,1854.9,202.28,3236.13,202.66,1067.18,202.27,418.35,202.67,2645.74,202.26,1387.38,202.68,2780.11,202.25,2491.44,202.69,361.95
1757015258.159795,1757015257700,1757015257700,202.41,182.5,202.42,632.69,202.4,992.71,202.43,485.69,202.39,1020.13,202.44,485.69,202.38,2588.45,202.45,4144.74,202.37,229.68,202.46,4045.82,202.36,569.76,202.47,4292.61,202.35,1932.74,202.48,4687.39,202.34,2340.97,202.49,4588.46,202.33,2975.16,202.5,7681.47,202.32,1950.19,202.51,2223.49,202.31,1978.38,202.52,2379.14,202.3,2712.9,202.53,1642.75,202.29,1829.29,202.54,2552.63,202.28,3174.94,202.55,1538.97,202.27,363.48,202.56,1536.94,202.26,1387.38,202.57,3282.67,202.25,2573.7,202.58,278.74,202.24,599.08,202.59,526.8,202.23,866.67,202.6,328.65,202.22,1469.5,202.61,822.84
1757015258.562589,1757015258215,1757015258215,202.41,1634.16,202.42,388.84,202.4,399.93,202.43,6.01,202.39,1030.64,202.44,31.44,202.38,1326.28,202.45,386.95,202.37,254.9,202.46,1219.01,202.36,569.76,202.47,2234.79,202.35,1761.09,202.48,1871.68,202.34,2340.97,202.49,2247.66,202.33,3234.38,202.5,5234.32,202.32,2169.44,202.51,1751.83,202.31,1978.38,202.52,2377.74,202.3,2844.05,202.53,1647.69,202.29,1829.29,202.54,2582.49,202.28,3174.94,202.55,1523.97,202.27,369.73,202.56,1438.44,202.26,1387.38,202.57,2651.55,202.25,2643.54,202.58,199.39,202.24,604.03,202.59,280.0,202.23,871.62,202.6,340.08,202.22,1469.5,202.61,822.84
1757015259.282024,1757015258840,1757015258840,202.41,1820.13,202.42,80.5,202.4,983.6,202.43,12.92,202.39,333.22,202.44,31.44,202.38,749.75,202.45,396.82,202.37,349.84,202.46,899.03,202.36,892.51,202.47,2568.21,202.35,1952.74,202.48,1152.34,202.34,2340.97,202.49,269.59,202.33,3234.38,202.5,3957.2,202.32,2169.44,202.51,1808.61,202.31,1978.38,202.52,2559.29,202.3,2844.05,202.53,1641.01,202.29,1829.29,202.54,1135.56,202.28,3174.94,202.55,1617.75,202.27,541.69,202.56,1438.22,202.26,1427.38,202.57,3150.19,202.25,2643.54,202.58,115.12,202.24,743.05,202.59,330.16,202.23,896.08,202.6,508.49,202.22,1469.5,202.61,637.0
1757015259.8791094,1757015259411,1757015259411,202.41,2454.32,202.42,80.5,202.4,373.92,202.43,12.92,202.39,333.22,202.44,31.44,202.38,749.75,202.45,396.82,202.37,414.73,202.46,899.03,202.36,917.63,202.47,2568.21,202.35,1952.96,202.48,609.21,202.34,2340.97,202.49,1461.57,202.33,3239.32,202.5,4016.75,202.32,2132.48,202.51,1756.18,202.31,1978.38,202.52,2757.26,202.3,2844.05,202.53,2260.85,202.29,1829.29,202.54,1135.56,202.28,3174.94,202.55,1617.75,202.27,541.69,202.56,1438.22,202.26,1427.38,202.57,3184.73,202.25,2643.54,202.58,175.98,202.24,743.05,202.59,421.08,202.23,896.08,202.6,386.05,202.22,1469.5,202.61,592.58
1757015260.7142756,1757015260222,1757015260222,202.41,2837.95,202.42,80.5,202.4,100.97,202.43,12.92,202.39,2188.14,202.44,32.92,202.38,1361.82,202.45,386.95,202.37,295.85,202.46,178.42,202.36,1645.69,202.47,1710.74,202.35,1360.01,202.48,1417.74,202.34,2340.97,202.49,1512.79,202.33,3244.27,202.5,3424.24,202.32,2756.01,202.51,2363.88,202.31,1978.38,202.52,3359.85,202.3,3062.09,202.53,2260.85,202.29,1829.29,202.54,1135.56,202.28,3174.94,202.55,1617.75,202.27,2366.97,202.56,2349.55,202.26,1427.38,202.57,3184.73,202.25,2643.54,202.58,175.98,202.24,743.05,202.59,330.16,202.23,896.08,202.6,465.73,202.22,1469.5,202.61,2340.32
1757015260.8694162,1757015260450,1757015260450,202.41,2837.95,202.42,76.74,202.4,100.97,202.43,12.92,202.39,2292.1,202.44,32.92,202.38,1361.82,202.45,386.95,202.37,488.57,202.46,466.94,202.36,1467.87,202.47,1791.53,202.35,1360.01,202.48,1417.74,202.34,2340.97,202.49,1170.79,202.33,3003.84,202.5,3424.24,202.32,2765.91,202.51,2363.88,202.31,1978.38,202.52,3359.85,202.3,3062.09,202.53,2260.85,202.29,1829.29,202.54,1211.1,202.28,3174.94,202.55,1617.75,202.27,2416.99,202.56,2349.55,202.26,1432.38,202.57,3184.73,202.25,2643.54,202.58,175.98,202.24,743.05,202.59,366.4,202.23,910.93,202.6,465.73,202.22,1469.5,202.61,2340.32
1757015261.5279593,1757015260989,1757015260989,202.41,2837.95,202.42,76.74,202.4,654.52,202.43,12.92,202.39,2531.72,202.44,32.92,202.38,1391.46,202.45,396.82,202.37,488.57,202.46,116.08,202.36,1467.87,202.47,2008.33,202.35,1370.01,202.48,1417.74,202.34,2340.97,202.49,1200.41,202.33,3441.31,202.5,3561.41,202.32,2785.71,202.51,2120.7,202.31,1978.38,202.52,3369.73,202.3,3067.03,202.53,2260.85,202.29,1834.23,202.54,1211.1,202.28,3744.77,202.55,1853.74,202.27,2416.99,202.56,2349.55,202.26,1427.44,202.57,3184.73,202.25,2643.54,202.58,175.98,202.24,743.05,202.59,366.4,202.23,910.93,202.6,980.09,202.22,1469.5,202.61,2340.32
1757015261.9469953,1757015261535,1757015261535,202.41,1948.8,202.42,77.41,202.4,1247.3,202.43,12.92,202.39,2828.12,202.44,31.44,202.38,798.6,202.45,386.95,202.37,488.57,202.46,629.3,202.36,1467.84,202.47,2600.96,202.35,1370.01,202.48,825.14,202.34,2928.45,202.49,1432.05,202.33,3441.31,202.5,3561.41,202.32,2785.71,202.51,2061.45,202.31,1978.38,202.52,3369.73,202.3,3067.03,202.53,2260.85,202.29,1829.29,202.54,1216.03,202.28,3744.77,202.55,1853.74,202.27,2416.99,202.56,2349.55,202.26,1427.44,202.57,3184.73,202.25,2643.54,202.58,171.05,202.24,748.0,202.59,366.4,202.23,920.83,202.6,980.09,202.22,1469.5,202.61,2340.32
1757015262.6079302,1757015262142,1757015262142,202.41,631.12,202.42,834.6,202.39,790.43,202.43,23.83,202.38,739.71,202.44,147.53,202.37,1067.82,202.45,830.25,202.36,1861.38,202.46,765.92,202.35,1831.08,202.47,2310.65,202.34,1853.19,202.48,1486.91,202.33,3441.31,202.49,2024.61,202.32,2998.97,202.5,2975.44,202.31,1493.66,202.51,2036.45,202.3,3660.1,202.52,2777.25,202.29,1829.29,202.53,1668.4,202.28,3744.77,202.54,1220.97,202.27,2416.99,202.55,1755.02,202.26,1432.44,202.56,2349.55,202.25,2643.54,202.57,3184.73,202.24,728.0,202.58,134.0,202.23,944.41,202.59,366.4,202.22,1469.5,202.6,980.09,202.21,2541.15,202.61,2340.32
1757015263.0473237,1757015262641,1757015262641,202.41,316.1,202.42,642.73,202.4,77.15,202.43,22.35,202.39,129.99,202.44,239.88,202.38,371.78,202.45,1498.74,202.37,1063.88,202.46,1450.85,202.36,1268.48,202.47,4011.63,202.35,2185.63,202.48,1662.71,202.34,1873.86,202.49,501.23,202.33,3422.53,202.5,2735.93,202.32,2419.8,202.51,2628.95,202.31,1394.82,202.52,2777.25,202.3,3655.2,202.53,1668.4,202.29,2488.31,202.54,1220.97,202.28,3744.77,202.55,1759.96,202.27,2366.97,202.56,2349.55,202.26,1432.44,202.57,3172.13,202.25,3137.58,202.58,134.0,202.24,728.0,202.59,366.4,202.23,944.41,202.6,974.1,202.22,1469.5,202.61,2340.32
1757015263.5918603,1757015263143,1757015263143,202.41,454.12,202.42,517.36,202.39,687.35,202.43,24.27,202.38,540.56,202.44,821.1,202.37,706.92,202.45,807.68,202.36,1391.45,202.46,1502.08,202.35,2185.63,202.47,4307.94,202.34,1898.86,202.48,1061.66,202.33,3904.84,202.49,269.59,202.32,3114.16,202.5,3328.47,202.31,1394.82,202.51,2628.95,202.3,2844.09,202.52,2875.99,202.29,2488.31,202.53,1668.4,202.28,3744.77,202.54,1220.97,202.27,2366.97,202.55,2251.15,202.26,1432.44,202.56,2349.55,202.25,3137.58,202.57,3172.13,202.24,728.0,202.58,134.0,202.23,944.41,202.59,366.4,202.22,1469.5,202.6,974.1,202.21,2541.15,202.61,2340.32
1757015263.9788625,1757015263658,1757015263658,202.41,0.14,202.42,1210.63,202.39,851.19,202.43,83.73,202.38,175.4,202.44,376.52,202.37,367.41,202.45,1067.33,202.36,1009.47,202.46,1539.81,202.35,1137.38,202.47,4824.33,202.34,1402.98,202.48,1066.11,202.33,4150.68,202.49,1606.14,202.32,1900.45,202.5,2253.4,202.31,1394.82,202.51,2535.69,202.3,2616.32,202.52,2787.13,202.29,1992.33,202.53,1680.78,202.28,3744.77,202.54,1698.34,202.27,2366.97,202.55,1745.29,202.26,1432.44,202.56,2307.89,202.25,1036.23,202.57,2683.9,202.24,728.0,202.58,134.0,202.23,920.83,202.59,366.4,202.22,1469.5,202.6,979.04,202.21,2531.27,202.61,2325.5
1757015264.603083,1757015264195,1757015264195,202.41,0.14,202.42,1753.39,202.39,26.78,202.43,70.81,202.38,229.0,202.44,804.55,202.37,811.03,202.45,646.94,202.36,781.05,202.46,1541.28,202.35,845.67,202.47,4824.33,202.34,1408.79,202.48,1202.79,202.33,4527.09,202.49,1313.25,202.32,2884.59,202.5,2352.15,202.31,1403.39,202.51,2540.63,202.3,2729.16,202.52,3297.99,202.29,1992.33,202.53,1692.65,202.28,4719.16,202.54,1698.34,202.27,2366.97,202.55,1418.06,202.26,826.66,202.56,1998.98,202.25,1036.23,202.57,2172.03,202.24,728.0,202.58,134.98,202.23,920.83,202.59,366.4,202.22,1469.5,202.6,979.04,202.21,2559.81,202.61,2325.5
1757015266.9393709,1757015264947,1757015264947,202.41,250.74,202.42,1599.96,202.4,8.03,202.43,278.72,202.39,26.78,202.44,1089.31,202.38,209.23,202.45,594.94,202.37,811.03,202.46,1541.28,202.36,1014.52,202.47,4829.27,202.35,845.67,202.48,1529.94,202.34,1408.79,202.49,1313.25,202.33,4527.09,202.5,2362.03,202.32,2825.29,202.51,2545.57,202.31,1403.39,202.52,3302.93,202.3,2753.9,202.53,1692.65,202.29,2016.04,202.54,1698.34,202.28,4724.1,202.55,1418.06,202.27,2366.97,202.56,1998.98,202.26,826.66,202.57,2172.03,202.25,1036.23,202.58,134.98,202.24,728.0,202.59,371.34,202.23,920.83,202.6,979.04,202.22,1469.5,202.61,2325.5
1757015268.2974179,1757015266037,1757015266037,202.41,0.14,202.42,1447.13,202.39,104.74,202.43,160.25,202.38,46.63,202.44,908.05,202.37,271.63,202.45,913.28,202.36,1437.7,202.46,2049.87,202.35,847.05,202.47,4306.0,202.34,1408.79,202.48,1920.91,202.33,4586.39,202.49,721.67,202.32,2213.44,202.5,2362.03,202.31,1417.23,202.51,2545.57,202.3,3342.87,202.52,3307.93,202.29,2023.35,202.53,1692.65,202.28,4463.44,202.54,1698.34,202.27,2195.01,202.55,1418.06,202.26,344.35,202.56,1998.98,202.25,1085.24,202.57,1925.2,202.24,728.0,202.58,134.98,202.23,920.83,202.59,371.34,202.22,1469.5,202.6,979.04,202.21,2559.81,202.61,2325.5
1757015268.5237477,1757015266470,1757015266470,202.41,0.14,202.42,1447.13,202.39,104.74,202.43,160.25,202.38,46.63,202.44,908.05,202.37,271.63,202.45,913.28,202.36,1437.7,202.46,2049.87,202.35,1425.18,202.47,4306.0,202.34,1408.79,202.48,1920.91,202.33,4586.39,202.49,721.67,202.32,2213.44,202.5,2362.03,202.31,1417.23,202.51,2545.57,202.3,3342.87,202.52,3307.93,202.29,2023.35,202.53,1692.65,202.28,4463.44,202.54,1698.34,202.27,2195.01,202.55,1418.06,202.26,344.35,202.56,1998.98,202.25,1085.24,202.57,1925.2,202.24,728.0,202.58,134.98,202.23,920.83,202.59,371.34,202.22,1469.5,202.6,979.04,202.21,2559.81,202.61,2325.5
1757015268.697734,1757015267277,1757015267277,202.41,0.14,202.42,1844.1,202.39,120.54,202.43,83.1,202.38,36.75,202.44,796.85,202.37,271.63,202.45,888.91,202.36,1437.7,202.46,851.72,202.35,1429.12,202.47,4306.0,202.34,1412.73,202.48,1920.91,202.33,4586.39,202.49,715.75,202.32,2223.56,202.5,2362.03,202.31,1403.39,202.51,2545.57,202.3,3361.66,202.52,3312.87,202.29,1999.64,202.53,1692.65,202.28,4458.5,202.54,1698.34,202.27,2195.01,202.55,1410.57,202.26,344.35,202.56,1998.98,202.25,1085.24,202.57,1925.2,202.24,728.0,202.58,134.98,202.23,920.83,202.59,371.34,202.22,1474.45,202.6,979.04,202.21,2559.81,202.61,2325.5
1757015268.7656193,1757015267420,1757015267420,202.41,0.14,202.42,1844.1,202.39,110.53,202.43,83.1,202.38,46.64,202.44,204.14,202.37,65.67,202.45,888.91,202.36,1538.92,202.46,851.72,202.35,1429.12,202.47,4306.0,202.34,1412.73,202.48,1920.91,202.33,4586.39,202.49,715.75,202.32,2223.56,202.5,2493.83,202.31,1403.39,202.51,2545.57,202.3,3361.66,202.52,3302.76,202.29,1999.64,202.53,1692.65,202.28,4458.5,202.54,1698.34,202.27,2195.01,202.55,1278.77,202.26,344.35,202.56,1998.98,202.25,1085.24,202.57,1925.2,202.24,728.0,202.58,134.98,202.23,920.83,202.59,371.34,202.22,1474.45,202.6,979.04,202.21,2559.81,202.61,2325.5
1757015268.787485,1757015267590,1757015267590,202.41,0.14,202.42,1992.31,202.39,110.53,202.43,675.84,202.38,66.34,202.44,384.02,202.37,65.67,202.45,888.91,202.36,1305.45,202.46,851.72,202.35,1429.12,202.47,4306.0,202.34,1412.73,202.48,1920.91,202.33,4586.39,202.49,715.75,202.32,2223.56,202.5,2498.77,202.31,1403.39,202.51,2545.57,202.3,3361.66,202.52,3302.76,202.29,1999.64,202.53,1692.65,202.28,4458.5,202.54,1698.34,202.27,2195.01,202.55,1278.77,202.26,344.35,202.56,1998.98,202.25,1085.24,202.57,1925.2,202.24,728.0,202.58,134.98,202.23,920.83,202.59,371.34,202.22,1474.45,202.6,979.04,202.21,2559.81,202.61,2325.5
1757015268.8166845,1757015267993,1757015267993,202.41,0.14,202.42,2587.7,202.39,94.73,202.43,102.49,202.38,9.89,202.44,465.11,202.37,401.91,202.45,837.47,202.36,1305.45,202.46,2073.73,202.35,920.27,202.47,5178.38,202.34,1406.92,202.48,1920.91,202.33,3909.62,202.49,715.75,202.32,2223.56,202.5,2400.02,202.31,1408.39,202.51,1937.87,202.3,3361.66,202.52,4214.27,202.29,2518.75,202.53,1692.65,202.28,3971.36,202.54,1387.68,202.27,1586.58,202.55,1278.77,202.26,344.35,202.56,1087.65,202.25,1567.55,202.57,1925.2,202.24,728.0,202.58,134.98,202.23,1423.14,202.59,371.34,202.22,1474.45,202.6,979.04,202.21,2559.81,202.61,2325.5
1757015268.9997976,1757015268513,1757015268513,202.41,0.14,202.42,2589.18,202.39,94.73,202.43,93.41,202.38,77.15,202.44,472.73,202.37,365.88,202.45,1101.33,202.36,1204.23,202.46,2073.73,202.35,920.27,202.47,5178.38,202.34,1406.92,202.48,1920.91,202.33,3909.94,202.49,715.75,202.32,2223.56,202.5,2386.22,202.31,1408.39,202.51,1937.87,202.3,3361.66,202.52,4214.27,202.29,2518.75,202.53,1655.89,202.28,3364.39,202.54,1387.68,202.27,1609.74,202.55,1042.78,202.26,344.35,202.56,1087.65,202.25,1567.55,202.57,1925.2,202.24,728.0,202.58,134.98,202.23,1438.14,202.59,371.34,202.22,1474.45,202.6,979.04,202.21,2559.81,202.61,2325.5
1757015269.454883,1757015269029,1757015269029,202.41,0.14,202.42,2044.79,202.39,117.88,202.43,185.18,202.38,77.15,202.44,1118.05,202.37,365.88,202.45,1101.33,202.36,1254.88,202.46,1971.73,202.35,1535.79,202.47,5119.13,202.34,1976.86,202.48,1686.04,202.33,3909.94,202.49,715.75,202.32,2223.56,202.5,2848.1,202.31,1408.39,202.51,1345.37,202.3,3361.66,202.52,4214.27,202.29,2518.75,202.53,1660.83,202.28,3679.68,202.54,1387.68,202.27,2071.58,202.55,1042.78,202.26,344.35,202.56,1087.65,202.25,1567.55,202.57,1925.2,202.24,728.0,202.58,134.98,202.23,1438.14,202.59,371.34,202.22,1543.63,202.6,979.04,202.21,2554.86,202.61,2325.5
1757015270.0743923,1757015269544,1757015269544,202.41,308.91,202.42,1857.72,202.4,28.42,202.43,83.1,202.39,117.88,202.44,215.7,202.37,416.71,202.45,1746.07,202.36,1979.49,202.46,1970.26,202.35,1535.79,202.47,5119.13,202.34,1976.86,202.48,1686.04,202.33,4638.1,202.49,715.75,202.32,2223.56,202.5,2848.1,202.31,1399.82,202.51,1345.37,202.3,3985.26,202.52,4214.27,202.29,2518.75,202.53,1660.83,202.28,3679.68,202.54,1566.85,202.27,2071.58,202.55,1042.78,202.26,344.35,202.56,1087.65,202.25,1567.55,202.57,1925.2,202.24,2553.55,202.58,134.98,202.23,1438.14,202.59,437.98,202.22,1543.63,202.6,3251.01,202.21,2554.86,202.61,2325.5
1757015270.8519945,1757015270310,1757015270310,202.41,332.93,202.42,1369.87,202.4,28.42,202.43,83.1,202.39,108.9,202.44,425.74,202.38,659.72,202.45,1788.96,202.37,416.71,202.46,2134.83,202.36,1628.58,202.47,4525.16,202.35,1086.83,202.48,1686.04,202.34,1972.92,202.49,715.75,202.33,4638.1,202.5,3357.08,202.32,2228.56,202.51,1345.37,202.31,1399.82,202.52,4219.21,202.3,3985.26,202.53,1812.47,202.29,2481.95,202.54,1566.85,202.28,3332.37,202.55,1042.78,202.27,895.51,202.56,1087.65,202.26,344.35,202.57,1925.2,202.25,1567.55,202.58,134.98,202.24,2553.55,202.59,437.98,202.23,1438.14,202.6,3251.01,202.22,1543.63,202.61,2325.5
1757015271.1092365,1757015270637,1757015270637,202.41,753.89,202.42,723.44,202.4,38.3,202.43,12.29,202.39,597.79,202.44,311.34,202.38,659.72,202.45,903.88,202.37,446.35,202.46,2120.02,202.36,1446.24,202.47,5414.09,202.35,982.02,202.48,1093.44,202.34,1972.92,202.49,1025.33,202.33,4045.11,202.5,2869.84,202.32,2426.02,202.51,1345.37,202.31,1717.37,202.52,4806.75,202.3,3985.26,202.53,1906.26,202.29,2481.95,202.54,1566.85,202.28,3332.37,202.55,1042.78,202.27,895.51,202.56,1087.65,202.26,344.35,202.57,1925.2,202.25,1567.55,202.58,151.27,202.24,2553.55,202.59,437.98,202.23,1438.14,202.6,3251.01,202.22,1543.63,202.61,2325.5
1757015271.730354,1757015271285,1757015271285,202.41,1434.51,202.42,412.68,202.4,758.22,202.43,12.29,202.39,597.79,202.44,20.67,202.38,57.03,202.45,543.74,202.37,265.02,202.46,2712.65,202.36,1439.32,202.47,4335.04,202.35,931.07,202.48,1093.22,202.34,1999.92,202.49,1025.33,202.33,4045.11,202.5,2869.84,202.32,2426.02,202.51,1350.31,202.31,1717.37,202.52,4806.75,202.3,3886.42,202.53,1906.26,202.29,2965.11,202.54,1566.85,202.28,3332.37,202.55,1042.78,202.27,895.51,202.56,1087.65,202.26,344.35,202.57,1925.2,202.25,2113.85,202.58,171.99,202.24,2553.55,202.59,437.98,202.23,1438.14,202.6,3241.13,202.22,1543.63,202.61,2325.5
1757015272.2500584,1757015271798,1757015271798,202.41,1022.88,202.42,412.68,202.4,165.44,202.43,13.77,202.39,424.96,202.44,46.3,202.38,659.78,202.45,857.29,202.37,325.21,202.46,2805.97,202.36,1348.76,202.47,4573.8,202.35,931.07,202.48,1178.84,202.34,2002.92,202.49,1025.33,202.33,4143.94,202.5,2869.84,202.32,2426.02,202.51,1913.25,202.31,1722.31,202.52,5289.06,202.3,4205.84,202.53,1943.32,202.29,2965.11,202.54,1566.85,202.28,3332.37,202.55,1042.78,202.27,895.51,202.56,1087.65,202.26,344.35,202.57,2419.24,202.25,2113.85,202.58,171.99,202.24,2710.19,202.59,1111.76,202.23,1461.72,202.6,3241.13,202.22,1543.63,202.61,2310.7
1757015272.8312116,1757015272258,1757015272258,202.41,2078.55,202.42,335.27,202.4,127.86,202.43,12.29,202.39,531.11,202.44,20.67,202.38,80.76,202.45,501.93,202.37,417.1,202.46,2158.76,202.36,1110.72,202.47,3177.98,202.35,931.07,202.48,1149.22,202.34,2029.72,202.49,1025.33,202.33,4626.25,202.5,2869.84,202.32,2426.02,202.51,1913.25,202.31,1722.31,202.52,5289.06,202.3,4205.84,202.53,1943.32,202.29,2965.11,202.54,1566.85,202.28,3814.68,202.55,551.59,202.27,410.51,202.56,1087.65,202.26,344.35,202.57,2419.24,202.25,1631.54,202.58,171.99,202.24,2710.19,202.59,1111.76,202.23,955.83,202.6,3241.13,202.22,1543.63,202.61,2310.7
1757015273.20669,1757015272788,1757015272788,202.41,1337.57,202.42,335.27,202.4,729.78,202.43,13.43,202.39,560.75,202.44,47.78,202.38,325.64,202.45,501.93,202.37,403.77,202.46,2806.45,202.36,1110.72,202.47,2614.99,202.35,931.07,202.48,1145.14,202.34,2029.72,202.49,1313.46,202.33,4626.25,202.5,2929.09,202.32,2403.65,202.51,1908.31,202.31,1722.31,202.52,5289.06,202.3,4205.84,202.53,1943.32,202.29,2965.11,202.54,1387.68,202.28,3814.68,202.55,551.59,202.27,410.51,202.56,1087.65,202.26,344.35,202.57,2912.19,202.25,1655.12,202.58,171.99,202.24,2553.55,202.59,1111.76,202.23,955.83,202.6,3246.07,202.22,1543.63,202.61,2310.7
1757015273.627571,1757015273295,1757015273295,202.41,1171.09,202.42,335.94,202.4,788.07,202.43,13.43,202.39,571.17,202.44,57.65,202.38,325.64,202.45,645.61,202.37,403.77,202.46,2213.82,202.36,1170.01,202.47,2614.99,202.35,931.07,202.48,1194.7,202.34,2034.72,202.49,1313.46,202.33,4626.25,202.5,2929.09,202.32,2561.92,202.51,1908.31,202.31,2215.85,202.52,5294.0,202.3,4205.84,202.53,1943.32,202.29,2965.11,202.54,1419.49,202.28,3814.68,202.55,551.59,202.27,410.51,202.56,1087.65,202.26,424.81,202.57,2912.19,202.25,1655.12,202.58,171.99,202.24,2553.55,202.59,1111.76,202.23,955.83,202.6,3246.07,202.22,1543.63,202.61,2310.7
1757015274.2162857,1757015273902,1757015273902,202.41,2072.63,202.42,335.27,202.4,201.21,202.43,12.29,202.39,571.17,202.44,57.65,202.38,325.64,202.45,805.44,202.37,403.77,202.46,1621.19,202.36,1170.01,202.47,3207.62,202.35,931.07,202.48,1194.7,202.34,2034.72,202.49,1318.4,202.33,4626.25,202.5,2929.09,202.32,2561.92,202.51,1908.31,202.31,2215.85,202.52,5289.06,202.3,4205.84,202.53,1943.32,202.29,2965.11,202.54,1419.49,202.28,3814.68,202.55,551.59,202.27,410.51,202.56,1087.65,202.26,424.81,202.57,2912.19,202.25,1655.12,202.58,171.99,202.24,2553.55,202.59,1111.76,202.23,955.83,202.6,3246.07,202.22,1543.63,202.61,2310.7
1757015274.763583,1757015274409,1757015274409,202.41,1479.86,202.42,335.27,202.4,201.21,202.43,12.29,202.39,571.17,202.44,57.65,202.38,325.64,202.45,645.61,202.37,403.77,202.46,2213.82,202.36,1170.01,202.47,2666.34,202.35,931.07,202.48,1194.7,202.34,2036.2,202.49,1318.4,202.33,4626.25,202.5,2929.09,202.32,2561.92,202.51,1908.31,202.31,2215.85,202.52,5289.06,202.3,4205.84,202.53,1943.32,202.29,2965.11,202.54,1424.43,202.28,3813.2,202.55,551.59,202.27,410.51,202.56,1087.65,202.26,424.81,202.57,2912.19,202.25,1655.12,202.58,171.99,202.24,2553.55,202.59,1111.76,202.23,955.83,202.6,3246.07,202.22,1543.63,202.61,2310.7
1757015275.2953367,1757015274937,1757015274937,202.41,1532.52,202.42,335.93,202.4,793.99,202.43,12.29,202.39,571.17,202.44,57.65,202.38,325.64,202.45,424.78,202.37,403.77,202.46,2213.82,202.36,1170.01,202.47,2666.34,202.35,931.07,202.48,1194.7,202.34,2036.2,202.49,1318.4,202.33,4626.25,202.5,2929.31,202.32,2575.92,202.51,1908.31,202.31,2215.85,202.52,5289.06,202.3,4205.84,202.53,1943.32,202.29,2965.11,202.54,1429.37,202.28,3813.2,202.55,551.59,202.27,410.51,202.56,1087.65,202.26,424.81,202.57,2912.19,202.25,1655.12,202.58,171.99,202.24,2553.55,202.59,1111.76,202.23,955.83,202.6,3246.07,202.22,1543.63,202.61,2310.7
1757015276.0402055,1757015275581,1757015275581,202.41,2573.15,202.42,6.84,202.4,199.22,202.45,30.65,202.39,1436.46,202.46,171.31,202.38,368.85,202.47,13.85,202.37,979.37,202.48,691.08,202.36,1951.13,202.49,1952.75,202.35,1936.12,202.5,3169.37,202.34,1441.15,202.51,1908.31,202.33,5015.43,202.52,5079.43,202.32,2538.81,202.53,879.97,202.31,2712.0,202.54,1967.57,202.3,4192.0,202.55,551.59,202.29,2488.66,202.56,2052.27,202.28,4673.77,202.57,2419.24,202.27,400.51,202.58,653.32,202.26,424.81,202.59,1111.76,202.25,1655.12,202.6,3246.07,202.24,4182.58,202.61,2305.76,202.23,955.83,202.62,86.88,202.22,1543.63,202.63,1164.95
1757015276.5074673,1757015276021,1757015276021,202.44,1040.38,202.45,17.67,202.43,394.26,202.46,28.16,202.42,419.76,202.47,31.54,202.41,2880.49,202.48,545.78,202.4,2357.32,202.49,1050.08,202.39,1360.11,202.5,2605.5,202.38,1229.16,202.51,1819.27,202.37,1197.72,202.52,3565.44,202.36,1060.32,202.53,1020.5,202.35,1718.12,202.54,1760.14,202.34,1901.6,202.55,551.59,202.33,4541.69,202.56,2656.94,202.32,1580.25,202.57,3161.44,202.31,2394.45,202.58,785.21,202.3,2715.85,202.59,1106.82,202.29,1999.26,202.6,3246.07,202.28,4191.46,202.61,2300.82,202.27,400.51,202.62,53.21,202.26,411.73,202.63,1155.07,202.25,1618.59,202.64,4400.59
1757015276.9793763,1757015276522,1757015276522,202.44,2823.99,202.46,19.29,202.43,148.2,202.47,343.05,202.42,46.09,202.48,570.46,202.41,2146.53,202.49,179.09,202.4,2664.7,202.5,2715.06,202.39,1879.38,202.51,1992.03,202.38,1543.3,202.52,3172.97,202.37,1464.19,202.53,1025.44,202.36,1065.36,202.54,1932.68,202.35,1546.04,202.55,551.59,202.34,1900.3,202.56,2800.02,202.33,4232.8,202.57,3186.61,202.32,1603.96,202.58,790.14,202.31,2407.88,202.59,1590.08,202.3,2260.34,202.6,3246.07,202.29,1516.1,202.61,2305.76,202.28,4186.52,202.62,53.21,202.27,400.51,202.63,1155.07,202.26,411.73,202.64,4400.59,202.25,1754.54,202.65,4118.01
1757015277.5015948,1757015277025,1757015277025,202.45,3368.19,202.46,19.29,202.44,749.66,202.47,350.75,202.43,162.03,202.48,557.13,202.42,679.22,202.49,186.48,202.41,1877.9,202.5,2254.35,202.4,2946.88,202.51,2584.54,202.39,2012.85,202.52,3425.15,202.38,1565.14,202.53,1001.19,202.37,1474.09,202.54,1927.97,202.36,1036.49,202.55,551.59,202.35,1550.98,202.56,2804.96,202.34,2103.98,202.57,3191.55,202.33,3936.3,202.58,790.14,202.32,1603.96,202.59,1106.82,202.31,1904.46,202.6,3246.07,202.3,2260.34,202.61,2305.76,202.29,1516.1,202.62,53.21,202.28,4210.1,202.63,1155.07,202.27,400.51,202.64,4400.59,202.26,411.73,202.65,4118.01
1757015278.0959914,1757015277627,1757015277627,202.45,2230.38,202.46,19.29,202.44,637.19,202.47,349.61,202.43,121.94,202.48,571.94,202.42,679.22,202.49,186.48,202.41,1825.24,202.5,3186.26,202.4,2896.17,202.51,2584.54,202.39,1960.54,202.52,3128.92,202.38,1565.14,202.53,1001.19,202.37,1479.04,202.54,2224.17,202.36,1036.49,202.55,551.59,202.35,1550.98,202.56,2804.96,202.34,2595.93,202.57,3191.55,202.33,3936.3,202.58,790.14,202.32,1608.86,202.59,1106.82,202.31,1904.46,202.6,3740.39,202.3,2260.34,202.61,2305.76,202.29,1516.1,202.62,53.21,202.28,4210.1,202.63,1155.07,202.27,400.51,202.64,4401.58,202.26,411.73,202.65,4118.01
1757015278.6659312,1757015278202,1757015278202,202.46,2093.05,202.47,24.25,202.45,632.71,202.48,571.94,202.44,1231.55,202.49,792.02,202.43,14.81,202.5,2449.23,202.42,706.0,202.51,2584.54,202.41,1825.24,202.52,3128.92,202.4,2896.17,202.53,1001.19,202.39,1941.25,202.54,2219.23,202.38,1834.72,202.55,1013.06,202.37,1479.04,202.56,2804.96,202.36,1036.49,202.57,3191.55,202.35,1550.98,202.58,790.14,202.34,2595.93,202.59,1106.82,202.33,3936.3,202.6,3740.39,202.32,1608.86,202.61,2305.76,202.31,1904.46,202.62,53.21,202.3,2260.34,202.63,1155.07,202.29,1853.62,202.64,4401.58,202.28,4210.1,202.65,4118.01,202.27,400.51,202.66,411.86
1757015279.184409,1757015278725,1757015278725,202.46,1475.66,202.47,172.42,202.45,328.93,202.48,579.88,202.44,152.3,202.49,792.02,202.43,777.69,202.5,2554.33,202.42,1002.36,202.51,2584.54,202.41,1825.24,202.52,3128.92,202.4,2896.17,202.53,1001.19,202.39,1946.19,202.54,2219.23,202.38,1834.72,202.55,1013.06,202.37,1479.04,202.56,2804.96,202.36,1036.49,202.57,3191.55,202.35,1550.98,202.58,795.08,202.34,2595.93,202.59,1106.82,202.33,3936.3,202.6,3740.39,202.32,1608.86,202.61,2305.76,202.31,1904.46,202.62,67.05,202.3,2260.34,202.63,1155.07,202.29,1853.62,202.64,4401.58,202.28,4210.1,202.65,4118.01,202.27,400.51,202.66,411.86
1757015279.5823085,1757015279257,1757015279257,202.46,1039.67,202.47,34.73,202.45,28.85,202.48,581.36,202.44,337.9,202.49,821.64,202.43,777.69,202.5,2554.33,202.42,1002.36,202.51,2584.54,202.41,1825.24,202.52,3128.92,202.4,2896.17,202.53,1001.19,202.39,1946.19,202.54,2219.23,202.38,1822.33,202.55,1013.06,202.37,1479.04,202.56,2804.96,202.36,1036.49,202.57,3191.55,202.35,1949.76,202.58,790.14,202.34,2595.93,202.59,1106.82,202.33,3936.3,202.6,3740.39,202.32,1608.86,202.61,2305.76,202.31,1904.46,202.62,67.05,202.3,2260.34,202.63,1155.07,202.29,1853.62,202.64,4401.58,202.28,4210.1,202.65,4118.01,202.27,400.51,202.66,411.86
1757015280.15916,1757015279782,1757015279782,202.46,1046.74,202.47,12.25,202.45,864.74,202.48,591.98,202.44,290.87,202.49,178.99,202.43,238.24,202.5,1589.71,202.42,1002.36,202.51,2583.07,202.41,1825.24,202.52,2890.45,202.4,2896.17,202.53,1483.5,202.39,1916.55,202.54,2219.23,202.38,1822.33,202.55,1013.06,202.37,1479.04,202.56,2804.96,202.36,1036.49,202.57,3201.43,202.35,1949.76,202.58,307.83,202.34,2595.93,202.59,1106.82,202.33,3936.3,202.6,3740.39,202.32,1608.86,202.61,2305.76,202.31,1904.46,202.62,53.21,202.3,2260.34,202.63,1155.07,202.29,1705.41,202.64,4401.58,202.28,4210.1,202.65,4118.01,202.27,400.51,202.66,411.86
1757015280.973821,1757015280405,1757015280405,202.46,1012.11,202.47,12.25,202.45,669.81,202.48,552.71,202.44,154.44,202.49,178.99,202.43,1063.87,202.5,1687.06,202.42,972.73,202.51,3065.38,202.41,1832.54,202.52,2886.98,202.4,2897.55,202.53,1685.51,202.39,2050.29,202.54,2826.84,202.38,1822.33,202.55,1013.06,202.37,1479.04,202.56,2322.65,202.36,1279.99,202.57,3196.49,202.35,1963.6,202.58,307.83,202.34,2582.09,202.59,2018.01,202.33,3936.3,202.6,4222.7,202.32,1608.86,202.61,2305.76,202.31,1897.15,202.62,53.21,202.3,2260.34,202.63,1155.07,202.29,1705.41,202.64,4401.58,202.28,4210.1,202.65,4115.55,202.27,400.51,202.66,411.86
1757015281.3159394,1757015280969,1757015280969,202.46,499.78,202.47,1593.16,202.44,709.13,202.48,552.71,202.43,816.15,202.49,306.56,202.42,676.37,202.5,1730.67,202.41,1442.85,202.51,3065.38,202.4,2897.54,202.52,2827.74,202.39,1728.29,202.53,2515.93,202.38,1822.33,202.54,2234.42,202.37,1182.62,202.55,1605.46,202.36,797.68,202.56,1631.57,202.35,998.98,202.57,3196.49,202.34,2730.3,202.58,790.14,202.33,3453.99,202.59,2018.01,202.32,1608.86,202.6,4222.7,202.31,1414.84,202.61,2305.76,202.3,2754.38,202.62,53.21,202.29,1705.41,202.63,1155.07,202.28,4210.1,202.64,4401.58,202.27,400.51,202.65,4115.55,202.26,331.27,202.66,411.86
1757015281.89411,1757015281450,1757015281450,202.46,499.78,202.47,1603.03,202.44,150.26,202.48,550.09,202.43,765.27,202.49,714.96,202.42,545.2,202.5,2323.21,202.41,1536.16,202.51,2472.87,202.4,3490.34,202.52,3525.65,202.39,1739.27,202.53,2515.93,202.38,2377.86,202.54,2333.15,202.37,968.63,202.55,1143.99,202.36,559.12,202.56,1631.57,202.35,998.98,202.57,3191.55,202.34,2730.3,202.58,862.74,202.33,3936.3,202.59,2018.01,202.32,2415.21,202.6,4222.7,202.31,1414.84,202.61,2305.76,202.3,3236.69,202.62,53.21,202.29,1705.41,202.63,1155.07,202.28,4692.41,202.64,4401.58,202.27,400.51,202.65,4118.01,202.26,331.27,202.66,411.86
1757015282.4239864,1757015281973,1757015281973,202.46,1011.96,202.47,104.84,202.45,34.9,202.48,32.77,202.44,261.75,202.49,100.98,202.43,1610.16,202.5,928.18,202.42,1146.61,202.51,1850.22,202.41,1460.34,202.52,1594.63,202.4,2599.77,202.53,2219.7,202.39,1877.45,202.54,2704.16,202.38,1515.42,202.55,551.59,202.37,968.63,202.56,1631.57,202.36,499.83,202.57,4080.03,202.35,998.98,202.58,802.45,202.34,2730.3,202.59,2857.07,202.33,2719.81,202.6,4222.7,202.32,2407.83,202.61,2305.76,202.31,1414.84,202.62,53.21,202.3,3241.59,202.63,1155.07,202.29,1705.41,202.64,4401.58,202.28,4687.46,202.65,2296.15,202.27,400.51,202.66,411.86
1757015282.9126089,1757015282579,1757015282579,202.54,349.23,202.55,2150.61,202.53,440.23,202.56,1626.63,202.52,440.23,202.57,2885.92,202.51,497.13,202.58,185.68,202.5,427.13,202.59,1501.55,202.49,353.81,202.6,2150.82,202.48,272.01,202.61,730.32,202.47,393.11,202.62,675.19,202.46,2612.4,202.63,1286.96,202.45,474.29,202.64,4194.03,202.44,554.42,202.65,2292.71,202.43,1772.27,202.66,401.98,202.42,1667.75,202.67,173.43,202.41,2536.27,202.68,497.93,202.4,2293.96,202.69,382.04,202.39,1420.35,202.7,232.02,202.38,1638.39,202.71,764.17,202.37,1154.5,202.72,877.96,202.36,2237.55,202.73,2507.75,202.35,933.14,202.74,391.93
1757015283.522947,1757015283107,1757015283107,202.54,221.57,202.55,1207.53,202.53,34.78,202.56,1773.18,202.52,142.05,202.57,1310.38,202.51,115.01,202.58,381.34,202.5,429.42,202.59,1762.13,202.49,192.25,202.6,2183.47,202.48,869.46,202.61,1336.51,202.47,2589.28,202.62,635.0,202.46,995.73,202.63,1711.37,202.45,1094.73,202.64,4248.03,202.44,1086.19,202.65,3256.82,202.43,883.45,202.66,257.15,202.42,1589.81,202.67,139.76,202.41,2319.49,202.68,444.85,202.4,2496.46,202.69,2193.66,202.39,956.82,202.7,2546.29,202.38,1620.57,202.71,764.17,202.37,1376.23,202.72,887.84,202.36,2326.23,202.73,2305.94,202.35,693.62,202.74,391.93
1757015283.9858706,1757015283635,1757015283635,202.54,221.87,202.55,1483.81,202.51,127.28,202.56,2113.51,202.5,49.96,202.57,1322.71,202.49,280.51,202.58,914.23,202.48,1165.74,202.59,1819.87,202.47,2935.55,202.6,2183.47,202.46,1487.13,202.61,1348.4,202.45,1305.89,202.62,663.58,202.44,1074.27,202.63,1882.55,202.43,1139.28,202.64,5096.17,202.42,1624.46,202.65,3256.82,202.41,2725.55,202.66,268.29,202.4,2496.46,202.67,651.85,202.39,1396.01,202.68,444.85,202.38,1742.78,202.69,2887.11,202.37,1898.41,202.7,2556.17,202.36,2322.7,202.71,769.11,202.35,693.62,202.72,921.43,202.34,1487.54,202.73,2744.39,202.33,2191.96,202.74,391.93
1757015284.503297,1757015284151,1757015284151,202.54,221.81,202.55,1501.24,202.51,9.87,202.56,1649.2,202.5,91.89,202.57,1636.12,202.49,338.1,202.58,1049.4,202.48,1195.36,202.59,1819.87,202.47,3067.49,202.6,2398.48,202.46,1610.41,202.61,1348.4,202.45,1105.82,202.62,855.65,202.44,1164.27,202.63,1902.29,202.43,1139.28,202.64,5096.17,202.42,1624.46,202.65,3256.82,202.41,2750.3,202.66,410.32,202.4,2995.15,202.67,720.98,202.39,1391.07,202.68,976.87,202.38,1742.78,202.69,2887.11,202.37,1898.41,202.7,2561.11,202.36,2322.7,202.71,269.11,202.35,693.62,202.72,921.43,202.34,1883.34,202.73,2744.39,202.33,2196.91,202.74,391.93
1757015285.0609524,1757015284693,1757015284693,202.54,318.02,202.55,520.48,202.5,148.53,202.56,693.85,202.49,400.99,202.57,804.55,202.48,1267.26,202.58,762.29,202.47,3021.47,202.59,1819.87,202.46,1734.82,202.6,1657.05,202.45,1105.82,202.61,1505.0,202.44,1844.04,202.62,373.34,202.43,1144.22,202.63,1993.99,202.42,2840.41,202.64,5115.77,202.41,2898.48,202.65,3256.82,202.4,3486.36,202.66,892.63,202.39,1377.23,202.67,340.78,202.38,1476.83,202.68,1473.02,202.37,2385.02,202.69,2887.11,202.36,2031.35,202.7,2561.11,202.35,477.11,202.71,134.15,202.34,806.84,202.72,921.43,202.33,2222.72,202.73,2805.85,202.32,813.14,202.74,391.93
1757015285.999112,1757015285423,1757015285423,202.54,318.02,202.55,533.07,202.53,9.87,202.56,668.87,202.51,618.43,202.57,889.43,202.5,386.76,202.58,1664.27,202.49,1083.78,202.59,1754.83,202.48,1710.68,202.6,2433.75,202.47,3925.28,202.61,1524.74,202.46,1442.18,202.62,578.03,202.45,1393.74,202.63,2586.72,202.44,1861.48,202.64,5139.28,202.43,1383.0,202.65,4078.25,202.42,2846.61,202.66,1105.85,202.41,2912.32,202.67,691.2,202.4,3472.52,202.68,1522.64,202.39,1377.23,202.69,2900.95,202.38,1607.54,202.7,2561.11,202.37,2138.79,202.71,134.15,202.36,2031.35,202.72,918.97,202.35,500.66,202.73,2805.85,202.34,791.82,202.74,391.93
1757015286.2964537,1757015285803,1757015285803,202.54,317.64,202.55,533.07,202.52,489.18,202.56,668.87,202.51,698.58,202.57,1242.96,202.5,386.76,202.58,1634.66,202.49,1083.78,202.59,2397.77,202.48,1414.4,202.6,2433.75,202.47,3918.19,202.61,1105.21,202.46,1442.18,202.62,578.03,202.45,1393.74,202.63,2586.72,202.44,1876.3,202.64,5139.28,202.43,1407.7,202.65,4560.56,202.42,2846.61,202.66,1155.3,202.41,2907.38,202.67,691.2,202.4,3472.52,202.68,1022.81,202.39,1377.23,202.69,2900.95,202.38,1607.54,202.7,2561.11,202.37,2138.79,202.71,134.15,202.36,2031.35,202.72,918.97,202.35,500.66,202.73,2805.85,202.34,791.82,202.74,391.93
1757015286.8529897,1757015286391,1757015286391,202.54,1102.28,202.55,230.99,202.53,129.78,202.56,292.91,202.52,2949.57,202.57,91.82,202.51,972.48,202.58,757.05,202.5,1627.72,202.59,1007.21,202.49,1256.1,202.6,779.95,202.48,1571.47,202.61,1217.38,202.47,2796.55,202.62,2416.1,202.46,1069.83,202.63,1698.5,202.45,1403.62,202.64,4442.26,202.44,1891.12,202.65,3973.86,202.43,1558.74,202.66,1358.79,202.42,1895.83,202.67,823.09,202.41,1686.83,202.68,2097.13,202.4,5296.63,202.69,2887.11,202.39,1130.18,202.7,2573.46,202.38,1099.17,202.71,151.65,202.37,1164.27,202.72,887.84,202.36,2029.87,202.73,2805.85,202.35,613.06,202.74,391.93
1757015287.4003985,1757015286920,1757015286920,202.55,2483.3,202.56,288.97,202.54,1492.69,202.58,20.77,202.53,1510.71,202.59,36.13,202.52,2460.51,202.6,448.6,202.51,937.93,202.61,1599.02,202.5,1639.0,202.62,1092.44,202.49,788.04,202.63,1791.74,202.48,2338.8,202.64,4865.23,202.47,3620.11,202.65,2527.44,202.46,1038.31,202.66,1362.31,202.45,921.31,202.67,844.98,202.44,1299.01,202.68,2808.81,202.43,1280.55,202.69,2887.11,202.42,1559.2,202.7,2559.62,202.41,2107.68,202.71,633.96,202.4,5262.26,202.72,1370.9,202.39,794.78,202.73,2816.75,202.38,793.43,202.74,391.93,202.37,646.82,202.75,124.66,202.36,151.4,202.76,310.11
1757015287.8585405,1757015287427,1757015287427,202.55,2795.55,202.58,1.48,202.54,1275.17,202.59,44.62,202.53,989.53,202.6,554.71,202.52,2611.33,202.61,660.18,202.51,1626.84,202.62,259.51,202.5,1070.11,202.63,972.37,202.49,885.71,202.64,4937.88,202.48,1749.65,202.65,1305.43,202.47,3629.99,202.66,1066.29,202.46,860.15,202.67,1276.53,202.45,1245.83,202.68,2883.51,202.44,789.7,202.69,3000.57,202.43,1774.73,202.7,3090.99,202.42,1771.24,202.71,961.47,202.41,2839.24,202.72,1855.69,202.4,5262.26,202.73,2378.1,202.39,799.72,202.74,391.93,202.38,637.62,202.75,577.23,202.37,569.67,202.76,310.11,202.36,198.3,202.77,1381.57
1757015288.5005426,1757015287959,1757015287959,202.58,189.37,202.59,8.08,202.57,2834.45,202.63,12.0,202.56,2075.64,202.64,3365.69,202.55,3113.53,202.65,770.98,202.54,1021.33,202.66,1520.24,202.53,2703.73,202.67,1834.09,202.52,2632.11,202.68,1360.22,202.51,1485.78,202.69,1093.65,202.5,1804.42,202.7,984.42,202.49,692.87,202.71,1304.05,202.48,1601.12,202.72,2573.94,202.47,3003.79,202.73,2719.75,202.46,2230.39,202.74,399.29,202.45,2912.18,202.75,831.13,202.44,1011.83,202.76,311.49,202.43,1560.5,202.77,761.75,202.42,444.54,202.78,875.9,202.41,2063.7,202.79,1126.85,202.4,2457.65,202.8,596.34,202.39,742.87,202.81,1038.71
1757015288.9207184,1757015288569,1757015288569,202.58,3222.05,202.59,7.16,202.57,3284.49,202.63,23.34,202.56,1139.74,202.64,650.87,202.55,1755.6,202.65,894.5,202.54,1262.77,202.66,2057.01,202.53,2649.96,202.67,2136.09,202.52,2489.66,202.68,961.76,202.51,1915.74,202.69,1008.16,202.5,1687.77,202.7,997.47,202.49,589.01,202.71,1600.98,202.48,1564.06,202.72,3637.21,202.47,3058.78,202.73,2870.1,202.46,1595.4,202.74,978.39,202.45,2657.91,202.75,831.13,202.44,966.83,202.76,672.08,202.43,774.24,202.77,640.09,202.42,248.43,202.78,875.9,202.41,1332.14,202.79,626.85,202.4,2714.33,202.8,585.4,202.39,818.03,202.81,705.36
1757015289.5882208,1757015289075,1757015289075,202.58,1201.55,202.59,7.16,202.57,504.47,202.6,275.88,202.56,1457.15,202.61,10.51,202.55,917.46,202.62,7.0,202.54,2019.07,202.63,577.55,202.53,2596.98,202.64,1339.11,202.52,2825.39,202.65,1015.62,202.51,1848.19,202.66,1464.93,202.5,723.15,202.67,2310.38,202.49,595.19,202.68,1786.54,202.48,2779.65,202.69,1540.92,202.47,3319.33,202.7,1083.06,202.46,2484.68,202.71,1023.84,202.45,2657.91,202.72,3834.67,202.44,707.01,202.73,2448.22,202.43,744.72,202.74,650.26,202.42,248.43,202.75,895.17,202.41,1322.27,202.76,672.08,202.4,2714.33,202.77,2675.69,202.39,1195.28,202.78,866.02
1757015290.145513,1757015289675,1757015289675,202.6,133.88,202.61,10.51,202.59,2332.81,202.62,1.48,202.58,999.4,202.63,518.77,202.57,38.91,202.64,750.94,202.56,128.77,202.65,1691.38,202.55,871.31,202.66,3288.77,202.54,2191.72,202.67,2979.95,202.53,2494.45,202.68,1367.37,202.52,3320.26,202.69,1013.1,202.51,1558.18,202.7,963.7,202.5,737.97,202.71,1620.71,202.49,826.22,202.72,4283.08,202.48,3261.96,202.73,2429.66,202.47,3455.22,202.74,1117.6,202.46,2002.37,202.75,955.83,202.45,2658.41,202.76,819.93,202.44,682.2,202.77,2675.69,202.43,753.12,202.78,866.02,202.42,103.14,202.79,624.39,202.41,1169.14,202.8,585.4
1757015290.89581,1757015290185,1757015290185,202.61,1064.3,202.62,217.93,202.6,793.16,202.63,360.96,202.59,862.82,202.64,34.19,202.58,69.4,202.65,745.59,202.57,115.73,202.66,828.04,202.56,403.33,202.67,2531.64,202.55,1345.66,202.68,775.38,202.54,2387.55,202.69,1605.09,202.53,1907.91,202.7,1369.33,202.52,3335.04,202.71,1028.78,202.51,1025.39,202.72,4874.97,202.5,828.0,202.73,2429.66,202.49,1160.12,202.74,1122.6,202.48,3261.96,202.75,1547.64,202.47,3942.22,202.76,819.93,202.46,1987.56,202.77,2675.69,202.45,2643.6,202.78,866.02,202.44,682.2,202.79,624.39,202.43,753.12,202.8,585.4,202.42,182.67,202.81,1326.32
1757015291.6280668,1757015290905,1757015290905,202.61,1721.06,202.62,408.32,202.6,391.9,202.64,19.39,202.59,611.54,202.65,43.94,202.58,45.39,202.66,1033.66,202.57,2248.73,202.67,1275.01,202.56,969.99,202.68,718.86,202.55,1822.43,202.69,1801.47,202.54,1356.51,202.7,622.69,202.53,1451.59,202.71,423.16,202.52,3122.96,202.72,2988.13,202.51,2245.74,202.73,3021.53,202.5,981.12,202.74,1100.79,202.49,1288.61,202.75,1437.73,202.48,2046.37,202.76,323.28,202.47,3801.39,202.77,2675.69,202.46,2481.48,202.78,866.02,202.45,2673.6,202.79,624.39,202.44,682.2,202.8,585.4,202.43,753.12,202.81,1326.32,202.42,192.67,202.82,4139.77
1757015291.9859931,1757015291286,1757015291286,202.61,1715.27,202.62,315.26,202.6,367.67,202.64,19.39,202.59,34.09,202.65,137.12,202.58,122.15,202.66,4059.66,202.57,2841.02,202.67,2094.22,202.56,676.63,202.68,1191.29,202.55,1688.21,202.69,781.76,202.54,1159.05,202.7,1712.13,202.53,1451.59,202.71,1282.37,202.52,3122.96,202.72,2500.88,202.51,2245.74,202.73,2429.66,202.5,1212.63,202.74,1137.5,202.49,1305.89,202.75,1437.73,202.48,2070.07,202.76,421.91,202.47,3801.39,202.77,2675.69,202.46,2481.48,202.78,1016.18,202.45,2673.6,202.79,624.39,202.44,682.2,202.8,585.4,202.43,753.12,202.81,1326.32,202.42,205.47,202.82,4139.77
1757015292.4149494,1757015291821,1757015291821,202.61,1177.42,202.64,20.68,202.6,190.68,202.65,1086.19,202.59,957.34,202.66,4503.28,202.58,734.42,202.67,2200.27,202.57,2994.08,202.68,1340.66,202.56,730.43,202.69,1283.28,202.55,1688.21,202.7,1712.13,202.54,1256.62,202.71,981.86,202.53,1526.84,202.72,2500.88,202.52,3546.23,202.73,2980.1,202.51,2240.8,202.74,1749.54,202.5,1518.82,202.75,1555.61,202.49,1407.42,202.76,986.16,202.48,2046.37,202.77,2675.69,202.47,3801.39,202.78,876.71,202.46,2454.95,202.79,186.07,202.45,2204.54,202.8,585.4,202.44,682.2,202.81,1326.32,202.43,753.12,202.82,4139.77,202.42,274.58,202.83,172.84
1757015292.8290768,1757015292419,1757015292419,202.63,565.4,202.64,965.9,202.62,451.94,202.65,1086.19,202.61,604.0,202.66,4477.73,202.6,882.16,202.67,1608.24,202.59,597.48,202.68,2094.01,202.58,787.2,202.69,1509.74,202.57,2876.34,202.7,2006.91,202.56,730.43,202.71,981.86,202.55,1687.99,202.72,2495.94,202.54,1271.62,202.73,3147.86,202.53,1556.48,202.74,1754.47,202.52,3579.99,202.75,1570.49,202.51,2440.59,202.76,986.16,202.5,1655.25,202.77,3173.69,202.49,1407.42,202.78,897.78,202.48,2031.56,202.79,186.07,202.47,3801.39,202.8,585.4,202.46,2454.95,202.81,1326.32,202.45,2204.54,202.82,4139.77,202.44,682.2,202.83,288.17
1757015293.224235,1757015292912,1757015292912,202.63,165.74,202.64,1497.24,202.62,77.15,202.65,1111.73,202.61,139.83,202.66,5084.59,202.6,151.07,202.67,1594.6,202.59,1189.69,202.68,1538.71,202.58,1029.31,202.69,1509.74,202.57,2876.34,202.7,1712.35,202.56,730.43,202.71,981.86,202.55,1687.99,202.72,2495.94,202.54,1271.62,202.73,3147.86,202.53,1556.48,202.74,1717.76,202.52,3579.99,202.75,1575.49,202.51,2447.55,202.76,986.16,202.5,1655.25,202.77,3173.69,202.49,1407.42,202.78,897.78,202.48,2031.56,202.79,186.07,202.47,3801.39,202.8,585.4,202.46,2454.95,202.81,1326.32,202.45,2204.54,202.82,4139.77,202.44,682.2,202.83,288.17
1757015293.8067718,1757015293431,1757015293431,202.63,165.74,202.64,701.18,202.62,0.48,202.65,1650.84,202.61,36.26,202.66,4486.85,202.6,157.92,202.67,2196.86,202.59,973.71,202.68,1538.71,202.58,1058.92,202.69,2072.13,202.57,2876.56,202.7,1712.35,202.56,700.82,202.71,1573.78,202.55,2280.34,202.72,2397.29,202.54,1246.08,202.73,3152.8,202.53,2148.89,202.74,1828.48,202.52,3579.99,202.75,1575.49,202.51,2447.55,202.76,986.16,202.5,1655.25,202.77,3188.48,202.49,1399.93,202.78,897.78,202.48,2031.56,202.79,186.07,202.47,3801.39,202.8,585.4,202.46,2454.95,202.81,1326.32,202.45,2204.54,202.82,4139.77,202.44,682.2,202.83,288.17
1757015294.4134474,1757015293931,1757015293931,202.63,129.85,202.64,2060.48,202.62,0.48,202.65,1133.5,202.61,14.71,202.66,5035.98,202.6,332.28,202.67,1603.33,202.59,140.5,202.68,1385.58,202.58,1448.98,202.69,2063.26,202.57,2569.91,202.7,1712.35,202.56,985.04,202.71,1573.78,202.55,1990.6,202.72,1805.4,202.54,1443.08,202.73,3152.8,202.53,2148.89,202.74,2739.0,202.52,3579.99,202.75,988.62,202.51,2447.55,202.76,986.16,202.5,1655.75,202.77,3188.48,202.49,1399.93,202.78,897.78,202.48,2031.56,202.79,186.07,202.47,3801.39,202.8,585.4,202.46,2454.95,202.81,1326.32,202.45,2254.37,202.82,4139.77,202.44,687.2,202.83,288.17
1757015294.866636,1757015294494,1757015294494,202.63,130.35,202.64,2967.38,202.6,92.04,202.65,1133.5,202.59,253.1,202.66,4554.16,202.58,1448.98,202.67,1603.33,202.57,2643.73,202.68,1424.05,202.56,1014.65,202.69,2063.26,202.55,1990.6,202.7,2016.87,202.54,1452.22,202.71,1092.23,202.53,2148.89,202.72,1805.4,202.52,3579.99,202.73,3157.74,202.51,2447.55,202.74,2743.93,202.5,1655.75,202.75,998.5,202.49,1399.93,202.76,986.16,202.48,2031.56,202.77,3188.48,202.47,3801.39,202.78,897.78,202.46,2454.95,202.79,186.07,202.45,2254.37,202.8,585.4,202.44,687.2,202.81,1326.32,202.43,758.06,202.82,4144.71,202.42,261.78,202.83,288.17
1757015295.3742175,1757015294994,1757015294994,202.63,0.5,202.64,4642.53,202.59,1.38,202.65,3819.75,202.57,370.6,202.66,5099.35,202.56,265.41,202.67,2630.59,202.55,585.54,202.68,1013.94,202.54,1136.03,202.69,1372.56,202.53,1093.51,202.7,2196.07,202.52,3368.07,202.71,501.88,202.51,1217.32,202.72,1817.46,202.5,3167.84,202.73,2625.94,202.49,1212.46,202.74,1737.13,202.48,1659.5,202.75,954.68,202.47,3319.33,202.76,887.53,202.46,2806.29,202.77,3202.32,202.45,385.81,202.78,883.94,202.44,687.2,202.79,195.94,202.43,252.21,202.8,585.4,202.42,732.74,202.81,1326.32,202.41,1174.09,202.82,4134.84,202.4,2447.78,202.83,288.17
1757015296.3845086,1757015295660,1757015295660,202.57,116.35,202.64,5384.19,202.56,44.32,202.65,3543.65,202.55,264.03,202.66,4505.92,202.54,1117.54,202.67,2485.72,202.53,1362.94,202.68,1022.7,202.52,3042.65,202.69,1377.5,202.51,2323.95,202.7,2549.67,202.5,1430.02,202.71,774.78,202.49,1499.83,202.72,1822.39,202.48,1688.15,202.73,2541.5,202.47,2698.26,202.74,1620.03,202.46,2157.22,202.75,721.91,202.45,868.12,202.76,887.53,202.44,2021.25,202.77,2690.48,202.43,393.26,202.78,883.94,202.42,1215.05,202.79,198.4,202.41,1174.09,202.8,585.4,202.4,2471.32,202.81,1326.32,202.39,943.11,202.82,4134.84,202.38,1789.49,202.83,288.17
1757015296.5995407,1757015296059,1757015296059,202.57,97.06,202.58,794.17,202.56,44.32,202.59,4493.86,202.55,249.22,202.6,4146.09,202.54,520.16,202.61,3984.87,202.53,1265.25,202.62,3477.07,202.52,3595.7,202.63,3568.74,202.51,1512.81,202.64,5410.11,202.5,1430.02,202.65,3573.64,202.49,1017.52,202.66,4505.92,202.48,2177.03,202.67,2485.72,202.47,2693.32,202.68,783.95,202.46,2157.22,202.69,1365.3,202.45,868.12,202.7,2067.14,202.44,2021.25,202.71,779.71,202.43,393.26,202.72,1822.39,202.42,732.74,202.73,2564.69,202.41,1174.09,202.74,1620.03,202.4,2471.32,202.75,721.91,202.39,861.16,202.76,871.35,202.38,1789.49,202.77,2690.48
1757015297.2374249,1757015296647,1757015296647,202.53,209.45,202.55,3903.7,202.52,184.06,202.56,3709.95,202.51,486.82,202.57,6871.76,202.5,1140.37,202.58,3112.75,202.49,869.14,202.59,2895.85,202.48,1209.37,202.6,3774.97,202.47,3135.45,202.61,3116.65,202.46,1546.44,202.62,3522.04,202.45,635.16,202.63,2627.24,202.44,1937.55,202.64,3137.14,202.43,541.33,202.65,3603.08,202.42,732.74,202.66,4108.41,202.41,1125.29,202.67,588.07,202.4,4295.43,202.68,792.08,202.39,882.2,202.69,1000.98,202.38,1789.49,202.7,201.24,202.37,4468.47,202.71,453.21,202.36,262.82,202.72,1538.36,202.35,710.54,202.73,2219.33,202.34,1779.44,202.74,530.41
1757015297.66379,1757015297164,1757015297164,202.53,257.2,202.54,2960.62,202.52,203.35,202.55,5495.51,202.51,296.55,202.56,4973.64,202.5,870.72,202.57,8202.76,202.49,1191.95,202.58,2064.62,202.48,1222.87,202.59,1917.58,202.47,2862.17,202.6,3002.37,202.46,1546.44,202.61,2404.65,202.45,971.34,202.62,2960.45,202.44,1942.55,202.63,674.24,202.43,1122.6,202.64,2520.96,202.42,1111.92,202.65,3628.32,202.41,2049.12,202.66,3925.14,202.4,4813.66,202.67,681.72,202.39,882.2,202.68,623.56,202.38,1789.49,202.69,1481.67,202.37,4468.47,202.7,83.46,202.36,680.61,202.71,453.21,202.35,1192.85,202.72,1521.37,202.34,1779.44,202.73,2197.25
1757015298.2400339,1757015297777,1757015297777,202.53,177.46,202.54,3088.39,202.52,19.29,202.55,1588.62,202.51,198.1,202.56,879.96,202.5,330.82,202.57,1389.78,202.49,1812.47,202.58,1517.01,202.48,1222.87,202.59,1704.0,202.47,3216.57,202.6,2327.72,202.46,1825.2,202.61,1800.22,202.45,1488.46,202.62,1966.67,202.44,2194.03,202.63,1340.64,202.43,1202.08,202.64,2479.1,202.42,1298.91,202.65,3628.32,202.41,2049.12,202.66,4046.43,202.4,5317.73,202.67,698.28,202.39,1364.51,202.68,692.69,202.38,1789.49,202.69,882.09,202.37,4591.79,202.7,103.87,202.36,802.83,202.71,453.21,202.35,1192.85,202.72,1346.13,202.34,1848.57,202.73,1891.02
1757015298.8497467,1757015298373,1757015298373,202.51,73.38,202.52,9167.67,202.5,95.28,202.53,9084.01,202.49,158.96,202.54,4971.67,202.48,801.34,202.55,285.95,202.47,3188.05,202.56,585.97,202.46,945.63,202.57,1657.08,202.45,829.65,202.58,1465.96,202.44,1822.73,202.59,2681.41,202.43,1809.59,202.6,3160.06,202.42,1837.86,202.61,2072.24,202.41,3634.83,202.62,2144.17,202.4,2994.49,202.63,525.81,202.39,388.65,202.64,2465.89,202.38,1500.14,202.65,3024.86,202.37,268.96,202.66,4933.8,202.36,784.23,202.67,1092.43,202.35,1222.7,202.68,385.59,202.34,1732.76,202.69,874.8,202.33,2716.48,202.7,636.32,202.32,662.02,202.71,2253.4
1757015299.3078945,1757015298893,1757015298893,202.5,0.5,202.51,12964.22,202.49,1.38,202.52,4115.95,202.48,787.4,202.53,1092.24,202.47,756.59,202.54,1157.34,202.46,218.46,202.55,483.25,202.45,857.55,202.56,2120.39,202.44,2128.66,202.57,874.83,202.43,1087.88,202.58,2962.79,202.42,1752.05,202.59,2199.48,202.41,1962.5,202.6,3319.29,202.4,2316.83,202.61,1467.2,202.39,1143.46,202.62,553.95,202.38,939.31,202.63,584.75,202.37,220.16,202.64,1183.83,202.36,399.39,202.65,3013.17,202.35,1131.55,202.66,4898.17,202.34,1742.66,202.67,509.11,202.33,3898.89,202.68,365.21,202.32,1162.88,202.69,898.52,202.31,612.91,202.7,706.14
1757015299.917412,1757015299499,1757015299499,202.5,0.5,202.51,4884.6,202.49,76.33,202.52,1922.11,202.48,51.7,202.53,886.01,202.47,51.15,202.54,936.23,202.46,1313.86,202.55,676.79,202.45,1469.21,202.56,2035.17,202.44,2097.89,202.57,2104.53,202.43,1633.26,202.58,2963.01,202.42,592.12,202.59,1416.1,202.41,3332.31,202.6,2537.77,202.4,2316.83,202.61,2382.91,202.39,1788.21,202.62,1539.02,202.38,1520.43,202.63,384.18,202.37,831.51,202.64,1671.08,202.36,2011.21,202.65,3013.17,202.35,1625.1,202.66,4898.17,202.34,1928.06,202.67,573.86,202.33,3903.84,202.68,365.21,202.32,751.98,202.69,396.5,202.31,130.6,202.7,644.08
1757015300.5370753,1757015300008,1757015300008,202.5,0.5,202.51,5284.66,202.46,130.42,202.52,1924.83,202.45,208.22,202.53,1867.83,202.44,887.83,202.54,868.47,202.43,81.34,202.55,3316.67,202.42,750.99,202.56,2395.99,202.41,1358.01,202.57,1449.4,202.4,2734.96,202.58,2188.8,202.39,1614.93,202.59,1400.69,202.38,511.86,202.6,2976.35,202.37,1440.3,202.61,920.36,202.36,1495.53,202.62,1462.31,202.35,1138.93,202.63,376.88,202.34,1883.65,202.64,1355.0,202.33,2045.65,202.65,4778.66,202.32,628.51,202.66,3944.53,202.31,289.54,202.67,81.04,202.3,654.94,202.68,365.21,202.29,1573.62,202.69,391.73,202.28,5356.18,202.7,639.14
1757015301.2670474,1757015300712,1757015300712,202.46,1.38,202.51,5420.49,202.45,34.6,202.52,2142.72,202.44,792.27,202.53,1824.15,202.43,21.35,202.54,1696.74,202.42,599.68,202.55,3500.4,202.41,1451.32,202.56,2109.46,202.4,3458.72,202.57,1459.28,202.39,1340.69,202.58,2281.84,202.38,1377.9,202.59,1424.21,202.37,1678.84,202.6,2372.9,202.36,1510.43,202.61,1411.51,202.35,1765.15,202.62,1462.31,202.34,2008.68,202.63,159.76,202.33,2581.96,202.64,1350.06,202.32,1667.36,202.65,4779.64,202.31,294.54,202.66,3809.27,202.3,1166.95,202.67,81.04,202.29,3398.72,202.68,292.99,202.28,5356.18,202.69,391.73,202.27,2660.11,202.7,103.41
1757015301.777691,1757015301081,1757015301081,202.46,48.42,202.47,3238.78,202.45,149.07,202.48,2690.3,202.44,618.61,202.49,4033.06,202.43,129.86,202.5,3011.4,202.42,651.79,202.51,4256.32,202.41,1503.31,202.52,1289.53,202.4,3458.72,202.53,2090.74,202.39,1340.69,202.54,1669.5,202.38,1377.9,202.55,3505.33,202.37,1755.99,202.56,1640.5,202.36,1702.08,202.57,1464.22,202.35,1765.15,202.58,2271.05,202.34,1909.86,202.59,1246.99,202.33,2581.96,202.6,3168.72,202.32,1667.36,202.61,973.77,202.31,294.54,202.62,1451.41,202.3,1660.86,202.63,159.76,202.29,3398.72,202.64,1350.06,202.28,5356.18,202.65,4779.64,202.27,2675.11,202.66,3809.27
1757015301.9409854,1757015301521,1757015301521,202.46,285.48,202.47,1512.76,202.45,296.52,202.48,1498.85,202.44,75.31,202.49,2221.91,202.43,200.67,202.5,3665.93,202.42,1271.45,202.51,3630.78,202.41,1528.53,202.52,1143.81,202.4,3485.72,202.53,2071.25,202.39,1493.8,202.54,1669.5,202.38,1382.85,202.55,3682.48,202.37,2083.76,202.56,1775.96,202.36,1702.08,202.57,1469.15,202.35,1765.15,202.58,1166.43,202.34,1904.92,202.59,1695.74,202.33,2907.43,202.6,2372.9,202.32,1667.36,202.61,1174.37,202.31,427.63,202.62,1933.72,202.3,1660.86,202.63,237.13,202.29,3398.72,202.64,1350.06,202.28,5356.18,202.65,4779.64,202.27,2684.99,202.66,3784.59
