timestamp,sequence,exchange_timestamp,bid_price_0,bid_size_0,ask_price_0,ask_size_0,bid_price_1,bid_size_1,ask_price_1,ask_size_1,bid_price_2,bid_size_2,ask_price_2,ask_size_2,bid_price_3,bid_size_3,ask_price_3,ask_size_3,bid_price_4,bid_size_4,ask_price_4,ask_size_4,bid_price_5,bid_size_5,ask_price_5,ask_size_5,bid_price_6,bid_size_6,ask_price_6,ask_size_6,bid_price_7,bid_size_7,ask_price_7,ask_size_7,bid_price_8,bid_size_8,ask_price_8,ask_size_8,bid_price_9,bid_size_9,ask_price_9,ask_size_9,bid_price_10,bid_size_10,ask_price_10,ask_size_10,bid_price_11,bid_size_11,ask_price_11,ask_size_11,bid_price_12,bid_size_12,ask_price_12,ask_size_12,bid_price_13,bid_size_13,ask_price_13,ask_size_13,bid_price_14,bid_size_14,ask_price_14,ask_size_14,bid_price_15,bid_size_15,ask_price_15,ask_size_15,bid_price_16,bid_size_16,ask_price_16,ask_size_16,bid_price_17,bid_size_17,ask_price_17,ask_size_17,bid_price_18,bid_size_18,ask_price_18,ask_size_18,bid_price_19,bid_size_19,ask_price_19,ask_size_19
1757015216.673878,1757015216253,1757015216253,109755.0,3.24457,109756.0,15.17236,109754.0,0.00341,109757.0,0.00341,109753.0,0.00341,109758.0,0.03963,109752.0,0.00341,109759.0,0.29735,109750.0,1.82217,109760.0,1.70967,109748.0,0.03622,109761.0,0.16406,109747.0,0.00341,109762.0,0.00374,109746.0,1.00547,109763.0,0.15212,109745.0,0.00341,109764.0,0.00352,109744.0,1.37004,109765.0,2.16002,109743.0,0.00341,109766.0,0.00352,109742.0,0.92384,109767.0,0.45995,109741.0,0.55007,109768.0,0.99007,109740.0,3.38155,109769.0,4.67115,109739.0,0.00341,109770.0,0.8686,109738.0,4.90011,109771.0,4.59895,109737.0,3.28352,109772.0,2.34594,109736.0,3.15172,109773.0,7.44514,109735.0,0.00341,109774.0,1.15626,109734.0,2.05469,109775.0,3.07568
1757015217.1651921,1757015216728,1757015216728,109755.0,0.57423,109756.0,15.21791,109751.0,0.00011,109757.0,0.32226,109750.0,0.45562,109758.0,0.08518,109749.0,0.41159,109759.0,0.97965,109748.0,0.94727,109760.0,0.27503,109747.0,1.37,109761.0,0.16406,109746.0,0.0944,109762.0,0.00374,109745.0,0.92395,109763.0,0.05989,109744.0,0.00341,109764.0,0.54876,109743.0,1.95908,109765.0,3.44891,109742.0,2.08587,109766.0,0.00352,109741.0,3.63778,109767.0,0.45995,109740.0,2.55863,109768.0,1.02562,109739.0,0.91315,109769.0,4.64905,109738.0,5.72942,109770.0,0.84344,109737.0,0.11933,109771.0,4.59895,109736.0,1.38206,109772.0,2.34594,109735.0,1.94847,109773.0,7.44514,109734.0,0.4708,109774.0,1.24725,109733.0,1.42692,109775.0,0.92192
1757015217.7054486,1757015217361,1757015217361,109755.0,0.37511,109756.0,15.30716,109754.0,0.00011,109757.0,1.06364,109753.0,0.00011,109758.0,0.08518,109752.0,0.00011,109759.0,0.97965,109751.0,0.00011,109760.0,0.27503,109750.0,0.45573,109761.0,0.16406,109749.0,0.4117,109762.0,0.00374,109748.0,0.94738,109763.0,0.05989,109747.0,1.37011,109764.0,0.54876,109746.0,0.09451,109765.0,3.44891,109745.0,0.92395,109766.0,0.00352,109744.0,0.00352,109767.0,0.45995,109743.0,1.95908,109768.0,0.9263,109742.0,2.08598,109769.0,4.82538,109741.0,3.63789,109770.0,1.01571,109740.0,2.55874,109771.0,4.59895,109739.0,0.91326,109772.0,2.34594,109738.0,5.72953,109773.0,7.44514,109737.0,0.11944,109774.0,1.11972,109736.0,1.37285,109775.0,6.30567
1757015218.1271977,1757015217788,1757015217788,109755.0,0.65259,109756.0,9.28514,109754.0,0.00011,109757.0,0.8216,109753.0,0.00011,109758.0,0.08518,109752.0,0.00011,109759.0,0.16071,109751.0,0.00011,109760.0,2.91694,109750.0,3.14275,109761.0,0.16406,109749.0,0.26712,109762.0,0.00374,109748.0,0.96017,109763.0,0.19653,109747.0,0.00352,109764.0,0.54876,109746.0,0.68682,109765.0,3.36554,109745.0,2.07568,109766.0,0.00352,109744.0,2.85506,109767.0,0.45995,109743.0,1.82242,109768.0,0.9263,109742.0,0.92395,109769.0,4.64905,109741.0,0.35788,109770.0,0.84344,109740.0,3.74003,109771.0,4.72649,109739.0,3.14555,109772.0,2.34594,109738.0,5.72953,109773.0,7.44514,109737.0,0.84717,109774.0,1.02873,109736.0,1.32729,109775.0,6.30567
1757015218.6300373,1757015218348,1757015218348,109755.0,0.64048,109756.0,9.19732,109754.0,0.00011,109757.0,0.34703,109753.0,0.23711,109758.0,0.08518,109752.0,0.00011,109759.0,0.16071,109751.0,0.92054,109760.0,2.83972,109750.0,3.14275,109761.0,0.16406,109749.0,0.0911,109762.0,1.82567,109748.0,0.96017,109763.0,0.19653,109747.0,2.36906,109764.0,0.00352,109746.0,3.42003,109765.0,3.36554,109745.0,2.07568,109766.0,0.13614,109744.0,0.00352,109767.0,0.45995,109743.0,1.82242,109768.0,0.9263,109742.0,0.96951,109769.0,4.64905,109741.0,0.35788,109770.0,0.84344,109740.0,3.78559,109771.0,4.72649,109739.0,3.14555,109772.0,2.34594,109738.0,5.72953,109773.0,7.44514,109737.0,0.68582,109774.0,1.06428,109736.0,1.41828,109775.0,6.71279
1757015219.272288,1757015218875,1757015218875,109755.0,16.8015,109756.0,0.67101,109754.0,1.82212,109757.0,0.02267,109753.0,0.23711,109758.0,0.03963,109752.0,1.81901,109759.0,0.00352,109751.0,0.92054,109760.0,0.03849,109750.0,1.00235,109761.0,0.14016,109749.0,0.27392,109762.0,0.00374,109748.0,3.31619,109763.0,0.00352,109747.0,6.87122,109764.0,3.28291,109746.0,0.11851,109765.0,0.19083,109745.0,3.20309,109766.0,2.04907,109744.0,3.32869,109767.0,5.01448,109743.0,1.95572,109768.0,0.00587,109742.0,1.04725,109769.0,0.09451,109741.0,1.62389,109770.0,0.38594,109740.0,3.78559,109771.0,6.54693,109739.0,0.95882,109772.0,0.21564,109738.0,8.59813,109773.0,7.44499,109737.0,0.14019,109774.0,0.24492,109736.0,0.11103,109775.0,6.23719
1757015219.969336,1757015219390,1757015219390,109755.0,23.15189,109756.0,0.20011,109754.0,0.00352,109757.0,0.02267,109753.0,0.35551,109758.0,0.03622,109752.0,1.82242,109759.0,0.00011,109751.0,0.92395,109760.0,0.02565,109750.0,0.55026,109761.0,0.00011,109749.0,0.82077,109762.0,0.00352,109748.0,0.96017,109763.0,0.14016,109747.0,4.13802,109764.0,0.00352,109746.0,0.32879,109765.0,0.01285,109745.0,2.05136,109766.0,1.04705,109744.0,3.28358,109767.0,0.45979,109743.0,1.95572,109768.0,0.00587,109742.0,0.93078,109769.0,0.09451,109741.0,2.23434,109770.0,0.93247,109740.0,3.74003,109771.0,8.34974,109739.0,0.36659,109772.0,0.27941,109738.0,8.59813,109773.0,0.20069,109737.0,0.14019,109774.0,0.04452,109736.0,0.48455,109775.0,3.03945
1757015220.5120623,1757015220005,1757015220005,109755.0,24.67758,109756.0,0.20512,109754.0,1.16709,109757.0,0.02267,109753.0,1.31715,109759.0,0.00011,109752.0,3.05301,109760.0,0.02565,109751.0,1.37958,109761.0,0.00011,109750.0,0.82247,109762.0,0.00011,109749.0,1.9957,109763.0,0.00011,109748.0,3.06094,109764.0,0.00011,109747.0,1.82242,109765.0,0.02392,109746.0,0.32879,109766.0,0.02336,109745.0,4.08724,109767.0,0.00011,109744.0,2.4977,109768.0,0.32128,109743.0,1.95572,109769.0,2.87281,109742.0,1.05178,109770.0,0.21285,109741.0,0.17468,109771.0,2.58152,109740.0,3.74003,109772.0,1.59101,109739.0,0.27392,109773.0,0.20069,109738.0,5.47628,109774.0,0.04452,109737.0,0.32243,109775.0,0.18594,109736.0,0.46816,109776.0,1.30275
1757015221.082727,1757015220550,1757015220550,109756.0,49.29226,109757.0,0.02267,109755.0,31.22259,109759.0,0.00011,109754.0,1.16709,109760.0,0.00056,109753.0,1.46863,109761.0,0.00011,109752.0,3.66812,109762.0,0.00011,109751.0,0.98589,109763.0,0.00011,109750.0,1.14142,109764.0,0.00011,109749.0,1.49462,109765.0,0.02392,109748.0,0.96017,109766.0,0.00011,109747.0,1.82242,109767.0,0.00011,109746.0,2.60648,109768.0,0.00029,109745.0,0.92395,109769.0,0.00228,109744.0,0.02036,109770.0,0.00011,109743.0,1.95572,109771.0,0.04565,109742.0,1.05178,109772.0,0.00011,109741.0,7.77866,109773.0,0.1151,109740.0,2.45874,109774.0,0.00011,109739.0,2.55176,109775.0,0.00011,109738.0,2.74285,109776.0,0.02116,109737.0,7.56673,109777.0,0.00011
1757015221.6035287,1757015221096,1757015221096,109767.0,7.5942,109768.0,0.00029,109766.0,6.81963,109769.0,0.00011,109765.0,4.47791,109770.0,0.00011,109764.0,4.00827,109771.0,0.00011,109763.0,2.51628,109772.0,0.00011,109762.0,0.93106,109773.0,0.00011,109761.0,0.93106,109774.0,0.00011,109760.0,0.93107,109775.0,0.13673,109759.0,0.93107,109776.0,0.33996,109758.0,12.77136,109777.0,0.00011,109757.0,5.32602,109778.0,0.94714,109756.0,40.7687,109779.0,2.73251,109755.0,16.42689,109780.0,0.55591,109754.0,3.91526,109781.0,0.57147,109753.0,0.31554,109782.0,1.36968,109752.0,3.05301,109783.0,0.0946,109751.0,1.28837,109784.0,0.41352,109750.0,2.63775,109785.0,0.1061,109749.0,1.44907,109786.0,0.22352,109748.0,0.96017,109787.0,0.00341
1757015221.947656,1757015221613,1757015221613,109769.0,15.23228,109771.0,0.00011,109768.0,18.82048,109774.0,0.91096,109767.0,24.51853,109775.0,0.45553,109766.0,14.56145,109776.0,0.02457,109765.0,10.58157,109777.0,0.00352,109764.0,2.52579,109778.0,0.03974,109763.0,2.00813,109779.0,2.73592,109762.0,3.18899,109780.0,0.865,109761.0,5.85475,109781.0,0.57147,109760.0,5.41722,109782.0,0.00352,109759.0,5.11466,109783.0,0.0946,109758.0,5.85177,109784.0,3.1458,109757.0,23.49302,109785.0,0.47524,109756.0,7.8577,109786.0,0.22352,109755.0,6.01139,109787.0,0.00352,109754.0,0.00352,109788.0,0.61795,109753.0,2.36373,109789.0,0.32228,109752.0,1.82264,109790.0,0.26808,109751.0,1.24282,109791.0,1.04002,109750.0,4.21815,109792.0,1.90691
1757015222.7176707,1757015222230,1757015222230,109773.0,35.90341,109774.0,0.11,109772.0,3.62309,109775.0,0.3188,109771.0,3.44374,109776.0,0.02105,109770.0,34.51132,109777.0,0.13673,109769.0,4.60363,109778.0,0.94717,109768.0,4.74824,109779.0,0.00011,109767.0,4.64119,109780.0,0.31512,109766.0,2.78169,109781.0,0.02159,109765.0,6.66785,109782.0,3.82534,109764.0,0.00341,109783.0,1.46078,109763.0,0.04918,109784.0,0.41352,109762.0,1.82231,109785.0,0.47524,109761.0,0.87319,109786.0,0.11352,109760.0,10.96124,109787.0,0.45621,109759.0,0.46336,109788.0,3.35016,109758.0,4.39368,109789.0,0.32228,109757.0,0.21866,109790.0,0.26808,109756.0,7.54792,109791.0,1.04002,109755.0,5.75973,109792.0,1.97067,109754.0,0.00352,109793.0,0.0037
1757015223.1530764,1757015222674,1757015222674,109773.0,22.62032,109774.0,0.34769,109772.0,1.62694,109775.0,0.00011,109771.0,21.11433,109776.0,0.02116,109770.0,1.10184,109777.0,0.00011,109769.0,1.17595,109778.0,0.03622,109768.0,0.92384,109780.0,0.00933,109767.0,3.88677,109781.0,1.47881,109766.0,2.8525,109782.0,0.54647,109765.0,3.66966,109783.0,1.3697,109764.0,0.21614,109784.0,0.41352,109763.0,1.12324,109785.0,0.47524,109762.0,1.82276,109786.0,0.00352,109761.0,0.85978,109787.0,0.5472,109760.0,10.94783,109788.0,3.35016,109759.0,0.46336,109789.0,0.32228,109758.0,4.15191,109790.0,0.26808,109757.0,0.15817,109791.0,1.04002,109756.0,7.41128,109792.0,1.97067,109755.0,4.42431,109793.0,0.0037,109754.0,0.00352,109794.0,1.23535
1757015223.6400425,1757015223197,1757015223197,109773.0,24.89527,109774.0,1.36854,109772.0,3.05673,109775.0,0.00011,109771.0,2.74274,109776.0,0.02116,109770.0,1.14297,109777.0,2.77812,109769.0,2.74538,109778.0,0.03633,109768.0,0.92384,109779.0,0.6392,109767.0,5.60717,109780.0,0.05498,109766.0,0.11977,109781.0,1.93425,109765.0,0.92384,109782.0,0.00011,109764.0,0.21614,109783.0,0.00352,109763.0,2.32931,109784.0,0.41352,109762.0,4.55558,109785.0,0.47524,109761.0,1.44902,109786.0,0.00352,109760.0,1.02384,109787.0,0.5472,109759.0,6.35136,109788.0,3.35016,109758.0,4.2429,109789.0,0.32228,109757.0,0.06718,109790.0,0.26808,109756.0,7.08418,109791.0,1.04002,109755.0,4.33332,109792.0,1.90691,109754.0,0.00352,109793.0,1.36974
1757015224.0453131,1757015223698,1757015223698,109773.0,22.86593,109774.0,1.43192,109772.0,3.13914,109775.0,0.45553,109771.0,2.74274,109776.0,0.02116,109770.0,1.14297,109777.0,2.77812,109769.0,0.10372,109778.0,2.06405,109768.0,0.92384,109779.0,0.6392,109767.0,8.33988,109780.0,1.37565,109766.0,0.07422,109781.0,0.02159,109765.0,0.96939,109782.0,0.00011,109764.0,0.21614,109783.0,0.00352,109763.0,3.17803,109784.0,0.50451,109762.0,4.55558,109785.0,0.47524,109761.0,1.44902,109786.0,0.00352,109760.0,1.02384,109787.0,0.45621,109759.0,6.35136,109788.0,3.35016,109758.0,4.15191,109789.0,0.32228,109757.0,0.06718,109790.0,0.26808,109756.0,3.94133,109791.0,1.96045,109755.0,4.33332,109792.0,1.97067,109754.0,0.00352,109793.0,1.36974
1757015224.523437,1757015224235,1757015224235,109773.0,26.39308,109774.0,0.45817,109772.0,3.36675,109775.0,0.00011,109771.0,2.74274,109776.0,0.15778,109770.0,0.45982,109777.0,0.00011,109769.0,0.01273,109778.0,0.15132,109768.0,0.92384,109779.0,1.00353,109767.0,5.06063,109780.0,0.00944,109766.0,0.00341,109781.0,0.02159,109765.0,0.92384,109782.0,0.00011,109764.0,0.21614,109783.0,5.19508,109763.0,2.06174,109784.0,0.50451,109762.0,4.55558,109785.0,1.15754,109761.0,1.13018,109786.0,0.00352,109760.0,1.02384,109787.0,0.45621,109759.0,0.46336,109788.0,3.35016,109758.0,4.2429,109789.0,0.32228,109757.0,0.06718,109790.0,0.26808,109756.0,3.94133,109791.0,1.27815,109755.0,1.87101,109792.0,1.97067,109754.0,0.00352,109793.0,0.0037
1757015225.5307393,1757015224761,1757015224761,109773.0,14.35487,109774.0,0.45817,109772.0,3.13914,109775.0,0.00011,109771.0,0.00341,109776.0,0.932,109770.0,0.45982,109777.0,0.16131,109769.0,3.92938,109778.0,0.19686,109768.0,2.74562,109779.0,0.09272,109767.0,2.13577,109780.0,0.05498,109766.0,0.00341,109781.0,3.27903,109765.0,0.96939,109782.0,0.96283,109764.0,0.21614,109783.0,1.91616,109763.0,4.56826,109784.0,0.50451,109762.0,4.55558,109785.0,0.7884,109761.0,1.13018,109786.0,0.00352,109760.0,1.02384,109787.0,0.45621,109759.0,3.50009,109788.0,3.21355,109758.0,4.15191,109789.0,0.00352,109757.0,0.06718,109790.0,1.85003,109756.0,4.03232,109791.0,1.27815,109755.0,1.87101,109792.0,1.97067,109754.0,0.00352,109793.0,0.0037
1757015225.7682996,1757015225266,1757015225266,109773.0,19.56679,109774.0,0.34573,109772.0,2.75,109775.0,0.00011,109771.0,2.73602,109776.0,0.33996,109770.0,0.45982,109777.0,0.02469,109769.0,2.51882,109778.0,0.28794,109768.0,0.92384,109779.0,0.09272,109767.0,2.22687,109780.0,0.00944,109766.0,0.00341,109781.0,0.00011,109765.0,0.96939,109782.0,0.91092,109764.0,0.21614,109783.0,0.9143,109763.0,4.88709,109784.0,0.41352,109762.0,3.05162,109785.0,0.1061,109761.0,1.13018,109786.0,3.91969,109760.0,1.02384,109787.0,0.45621,109759.0,3.59108,109788.0,0.48134,109758.0,2.6944,109789.0,1.91606,109757.0,0.06718,109790.0,1.85003,109756.0,3.25903,109791.0,0.35772,109755.0,1.87101,109792.0,1.97067,109754.0,0.00352,109793.0,2.73582
1757015226.2454119,1757015225784,1757015225784,109773.0,24.75202,109774.0,0.31011,109772.0,0.13879,109775.0,0.00011,109770.0,0.46324,109776.0,0.45553,109769.0,0.01273,109777.0,0.0281,109768.0,0.92384,109778.0,0.00352,109767.0,2.15608,109779.0,0.00352,109766.0,0.00341,109780.0,0.91433,109765.0,0.96939,109781.0,0.00352,109764.0,0.21614,109782.0,0.02788,109763.0,4.51123,109783.0,2.73245,109762.0,1.82276,109784.0,0.00011,109761.0,1.13018,109785.0,1.3756,109760.0,1.02384,109786.0,1.09644,109759.0,3.59108,109787.0,1.14006,109758.0,2.75818,109788.0,3.14461,109757.0,2.92113,109789.0,0.68582,109756.0,3.60562,109790.0,1.26217,109755.0,1.8709,109791.0,0.00352,109754.0,0.00352,109792.0,1.90691,109753.0,1.37433,109793.0,0.0037
1757015226.7088482,1757015226294,1757015226294,109773.0,24.99282,109774.0,0.20011,109772.0,0.00341,109775.0,0.00011,109771.0,0.54548,109776.0,0.00011,109770.0,0.46665,109777.0,0.02469,109769.0,2.33681,109778.0,0.00011,109768.0,0.92384,109779.0,0.13673,109767.0,2.06498,109780.0,0.00011,109766.0,0.32223,109781.0,0.31889,109765.0,0.92384,109782.0,0.9715,109764.0,2.85428,109783.0,2.73245,109763.0,4.1924,109784.0,0.00011,109762.0,4.38289,109785.0,0.00944,109761.0,1.13018,109786.0,1.09644,109760.0,1.02384,109787.0,2.96643,109759.0,3.59108,109788.0,3.14244,109758.0,2.77457,109789.0,0.68582,109757.0,2.92113,109790.0,1.12557,109756.0,3.51451,109791.0,0.0946,109755.0,1.8709,109792.0,1.90908,109754.0,0.09462,109793.0,0.02008
1757015227.207187,1757015226843,1757015226843,109773.0,30.13493,109774.0,0.20011,109772.0,1.14008,109775.0,0.00011,109771.0,0.4544,109776.0,0.00011,109770.0,0.32709,109777.0,0.02469,109769.0,3.57779,109778.0,0.00011,109768.0,0.96939,109779.0,0.00011,109767.0,2.06498,109780.0,0.07091,109766.0,0.04896,109781.0,0.00011,109765.0,1.56428,109782.0,0.06069,109764.0,2.17198,109783.0,0.02312,109763.0,0.00341,109784.0,0.00011,109762.0,4.38289,109785.0,0.00011,109761.0,1.19395,109786.0,0.13672,109760.0,0.92384,109787.0,0.00011,109759.0,3.59108,109788.0,0.01022,109758.0,0.20341,109789.0,0.00352,109757.0,0.18818,109790.0,0.013,109756.0,2.5489,109791.0,0.00352,109755.0,1.51659,109792.0,0.04669,109754.0,2.28105,109793.0,1.46081
1757015227.714255,1757015227427,1757015227427,109774.0,1.7654,109780.0,0.0424,109773.0,31.27104,109781.0,0.00011,109772.0,4.72717,109782.0,0.02447,109771.0,0.4544,109783.0,0.02312,109770.0,2.77095,109784.0,0.00011,109769.0,1.777,109785.0,0.00011,109768.0,0.96939,109786.0,0.00011,109767.0,2.06498,109787.0,0.03633,109766.0,0.04896,109788.0,0.01022,109765.0,1.56428,109789.0,0.00352,109764.0,2.17198,109790.0,0.01285,109763.0,0.32224,109791.0,0.14013,109762.0,1.82276,109792.0,0.05123,109761.0,1.19395,109793.0,1.46081,109760.0,0.93028,109794.0,0.04452,109759.0,0.55435,109795.0,0.78528,109758.0,0.20341,109796.0,0.00352,109757.0,0.18818,109797.0,3.582,109756.0,2.5489,109798.0,1.46056,109755.0,3.42989,109799.0,0.14552
1757015228.286896,1757015227912,1757015227912,109779.0,29.96574,109780.0,0.0424,109778.0,2.13408,109781.0,0.00011,109777.0,2.1822,109782.0,0.16108,109776.0,2.50295,109783.0,0.02312,109775.0,5.86332,109784.0,0.00011,109774.0,18.51325,109785.0,0.00011,109773.0,7.56765,109786.0,2.73237,109772.0,1.31227,109787.0,0.03633,109771.0,0.2822,109788.0,0.05235,109770.0,3.23365,109789.0,0.00011,109769.0,3.17128,109790.0,2.01643,109768.0,1.47037,109791.0,0.00352,109767.0,2.06498,109792.0,4.19493,109766.0,2.73615,109793.0,0.0037,109765.0,1.56428,109794.0,0.63646,109764.0,1.42555,109795.0,1.05514,109763.0,0.86891,109796.0,1.43836,109762.0,1.82276,109797.0,0.34922,109761.0,0.53758,109798.0,0.77689,109760.0,0.93028,109799.0,0.14552
1757015228.931273,1757015228519,1757015228519,109779.0,17.80039,109780.0,1.53554,109778.0,0.00341,109781.0,0.00011,109777.0,0.00341,109782.0,0.02447,109776.0,0.92384,109783.0,0.02312,109775.0,0.5499,109784.0,0.1559,109774.0,1.95231,109785.0,0.00954,109773.0,6.47475,109786.0,2.73249,109772.0,1.31238,109787.0,0.03633,109771.0,0.00352,109788.0,0.00681,109770.0,0.80415,109789.0,1.91272,109769.0,3.38845,109790.0,0.55587,109768.0,0.9244,109791.0,1.77059,109767.0,2.06487,109792.0,2.82888,109766.0,2.73624,109793.0,0.0037,109765.0,1.4705,109794.0,0.13551,109764.0,1.28429,109795.0,0.7364,109763.0,0.00352,109796.0,0.00352,109762.0,1.82242,109797.0,1.26965,109761.0,0.56491,109798.0,0.09459,109760.0,4.34558,109799.0,0.14552
1757015229.5026755,1757015229098,1757015229098,109779.0,16.7216,109780.0,1.78108,109778.0,0.00341,109781.0,0.31889,109777.0,0.41076,109782.0,0.02447,109776.0,0.92384,109783.0,0.84603,109775.0,3.50769,109784.0,2.06851,109774.0,3.08657,109785.0,1.53386,109773.0,6.24245,109786.0,2.73249,109772.0,1.14019,109787.0,0.03633,109771.0,0.00352,109788.0,0.00681,109770.0,0.9481,109789.0,0.31887,109769.0,4.00599,109790.0,0.64686,109768.0,3.52907,109791.0,1.79717,109767.0,2.5103,109792.0,3.28597,109766.0,2.78179,109793.0,0.0037,109765.0,1.4705,109794.0,0.04452,109764.0,2.15589,109795.0,0.7364,109763.0,0.03033,109796.0,0.67302,109762.0,1.91341,109797.0,1.26965,109761.0,0.53769,109798.0,0.09459,109760.0,4.34558,109799.0,0.14552
1757015230.3865485,1757015229804,1757015229804,109779.0,22.17055,109780.0,0.20011,109778.0,0.64088,109781.0,0.00011,109777.0,0.44553,109782.0,0.02447,109776.0,1.45624,109783.0,0.02312,109775.0,6.14096,109784.0,0.00011,109774.0,0.13073,109785.0,0.00011,109773.0,2.81375,109786.0,0.14013,109772.0,1.14019,109787.0,0.03974,109771.0,0.00352,109788.0,0.01022,109770.0,0.9481,109789.0,0.91428,109769.0,2.75632,109790.0,0.55928,109768.0,0.9244,109791.0,3.95686,109767.0,3.1926,109792.0,0.46278,109766.0,0.00352,109793.0,0.0037,109765.0,1.01494,109794.0,1.957,109764.0,1.83706,109795.0,0.7364,109763.0,1.53336,109796.0,3.61736,109762.0,1.82242,109797.0,0.21263,109761.0,1.02049,109798.0,0.09459,109760.0,0.92395,109799.0,1.82242
1757015230.6224082,1757015230215,1757015230215,109779.0,14.70027,109780.0,5.21205,109778.0,0.0944,109781.0,0.00011,109777.0,0.87724,109782.0,0.02447,109776.0,1.10187,109783.0,0.02312,109775.0,1.46573,109784.0,0.1151,109774.0,0.67724,109785.0,3.82544,109773.0,2.74296,109786.0,2.78134,109772.0,1.459,109787.0,0.40405,109771.0,3.28265,109788.0,1.46589,109770.0,1.08473,109789.0,0.00352,109769.0,3.99027,109790.0,0.55928,109768.0,0.9244,109791.0,0.00352,109767.0,2.5103,109792.0,0.55377,109766.0,2.73625,109793.0,0.0037,109765.0,0.92395,109794.0,0.04452,109764.0,1.83706,109795.0,0.7364,109763.0,1.53326,109796.0,0.32226,109762.0,1.82242,109797.0,0.21263,109761.0,0.47392,109798.0,1.15161,109760.0,1.60625,109799.0,0.00352
1757015231.1263554,1757015230776,1757015230776,109779.0,5.71521,109780.0,4.44303,109778.0,0.91092,109781.0,0.00011,109777.0,1.60511,109782.0,0.02447,109776.0,0.26913,109783.0,0.02312,109775.0,0.00011,109784.0,1.80918,109774.0,0.58625,109785.0,0.54997,109773.0,0.00374,109786.0,2.77793,109772.0,1.14008,109787.0,0.03974,109771.0,3.37469,109788.0,0.09975,109770.0,0.81433,109789.0,0.00352,109769.0,4.59021,109790.0,0.69515,109768.0,0.9244,109791.0,0.37774,109767.0,2.5103,109792.0,0.46278,109766.0,5.23901,109793.0,0.0037,109765.0,0.92395,109794.0,0.04452,109764.0,1.83706,109795.0,1.65683,109763.0,1.46782,109796.0,0.32226,109762.0,1.82242,109797.0,2.60235,109761.0,0.47392,109798.0,1.84019,109760.0,1.67003,109799.0,0.17518
1757015231.6031618,1757015231287,1757015231287,109779.0,7.17321,109780.0,4.63146,109778.0,0.91092,109781.0,0.31889,109777.0,0.23889,109782.0,1.98269,109776.0,0.26913,109783.0,0.02312,109775.0,0.00011,109784.0,0.16064,109774.0,0.58625,109785.0,1.55629,109773.0,0.92417,109786.0,2.78134,109772.0,1.41059,109787.0,0.03974,109771.0,3.37469,109788.0,0.09975,109770.0,4.44218,109789.0,0.14531,109769.0,2.44963,109790.0,1.1049,109768.0,0.9244,109791.0,0.98482,109767.0,2.5103,109792.0,0.46278,109766.0,5.28456,109793.0,0.02008,109765.0,0.92395,109794.0,0.04452,109764.0,1.83706,109795.0,3.02285,109763.0,1.51326,109796.0,1.89682,109762.0,1.82242,109797.0,2.36568,109761.0,0.47392,109798.0,1.60228,109760.0,1.67003,109799.0,0.17518
1757015232.1718843,1757015231797,1757015231797,109779.0,4.08143,109780.0,13.47495,109778.0,0.00352,109781.0,0.9727,109777.0,0.00352,109782.0,0.07001,109776.0,0.00352,109783.0,0.02312,109775.0,0.00352,109784.0,0.97955,109774.0,0.03974,109785.0,1.00643,109773.0,1.3698,109786.0,0.04565,109772.0,1.00537,109787.0,0.1437,109771.0,1.36983,109788.0,0.09634,109770.0,0.67087,109789.0,0.14531,109769.0,0.00352,109790.0,0.01285,109768.0,0.92395,109791.0,1.53141,109767.0,2.61141,109792.0,1.38321,109766.0,0.00352,109793.0,2.75218,109765.0,3.79335,109794.0,0.04452,109764.0,3.65892,109795.0,3.25637,109763.0,0.05588,109796.0,2.61781,109762.0,4.55527,109797.0,2.30193,109761.0,0.47392,109798.0,1.47252,109760.0,1.60625,109799.0,0.74588
1757015232.7030628,1757015232342,1757015232342,109779.0,3.62306,109780.0,13.49538,109778.0,0.00011,109781.0,1.47554,109777.0,0.00011,109782.0,0.22819,109776.0,0.00011,109783.0,1.103,109775.0,0.00011,109784.0,0.16405,109774.0,0.12732,109785.0,0.33172,109773.0,0.48482,109786.0,0.04928,109772.0,1.32733,109787.0,0.05612,109771.0,3.1977,109788.0,0.23636,109770.0,0.45528,109789.0,1.22689,109769.0,0.00943,109790.0,0.07661,109768.0,2.28255,109791.0,1.53141,109767.0,1.84105,109792.0,1.38321,109766.0,0.55006,109793.0,2.75218,109765.0,4.23401,109794.0,0.04452,109764.0,3.05797,109795.0,3.02285,109763.0,3.28286,109796.0,0.91531,109762.0,3.06802,109797.0,2.30193,109761.0,2.93109,109798.0,1.47252,109760.0,1.69724,109799.0,8.08128
1757015233.2555313,1757015232901,1757015232901,109779.0,3.57367,109780.0,13.4749,109778.0,0.00011,109781.0,1.60117,109777.0,0.00011,109782.0,0.21219,109776.0,0.00011,109783.0,0.00352,109775.0,0.00011,109784.0,0.16405,109774.0,0.12732,109785.0,1.01402,109773.0,0.48482,109786.0,0.04928,109772.0,0.24314,109787.0,0.51808,109771.0,1.83141,109788.0,0.23636,109770.0,0.45528,109789.0,1.22689,109769.0,1.37575,109790.0,0.17661,109768.0,1.12791,109791.0,2.58828,109767.0,1.84105,109792.0,1.55522,109766.0,0.55006,109793.0,2.98342,109765.0,4.23401,109794.0,0.04452,109764.0,3.05797,109795.0,3.02285,109763.0,3.28286,109796.0,4.63985,109762.0,3.11357,109797.0,2.30193,109761.0,2.93109,109798.0,1.47252,109760.0,1.69724,109799.0,8.08128
1757015233.7465775,1757015233442,1757015233442,109779.0,0.98898,109780.0,13.47831,109778.0,0.00011,109781.0,1.60117,109777.0,0.00011,109782.0,0.21219,109776.0,0.00011,109783.0,0.00352,109775.0,0.00011,109784.0,0.16405,109774.0,0.12732,109785.0,1.01402,109773.0,0.48482,109786.0,0.04928,109772.0,1.60944,109787.0,0.51808,109771.0,2.00302,109788.0,0.23636,109770.0,0.45437,109789.0,1.22689,109769.0,0.00943,109790.0,0.17661,109768.0,1.12791,109791.0,2.58828,109767.0,1.84105,109792.0,1.79505,109766.0,0.55006,109793.0,2.98342,109765.0,4.23401,109794.0,0.04452,109764.0,3.10352,109795.0,3.02285,109763.0,3.28286,109796.0,4.63985,109762.0,3.11357,109797.0,2.30193,109761.0,2.93109,109798.0,1.47252,109760.0,1.74279,109799.0,8.08128
1757015234.2903028,1757015233982,1757015233982,109779.0,0.97467,109780.0,13.47843,109778.0,0.00011,109781.0,1.87797,109777.0,0.00011,109782.0,0.21219,109776.0,0.00011,109783.0,0.00352,109775.0,0.00011,109784.0,0.16405,109774.0,0.03633,109785.0,1.01402,109773.0,0.0911,109786.0,0.04928,109772.0,1.32502,109787.0,0.60907,109771.0,2.45845,109788.0,0.14683,109770.0,0.45437,109789.0,1.1359,109769.0,0.69259,109790.0,0.17661,109768.0,0.99128,109791.0,2.58828,109767.0,2.98356,109792.0,1.38321,109766.0,0.04907,109793.0,2.75218,109765.0,4.32359,109794.0,0.04452,109764.0,3.10352,109795.0,3.02285,109763.0,3.28286,109796.0,4.63985,109762.0,3.06802,109797.0,2.30193,109761.0,3.39595,109798.0,1.47252,109760.0,1.69724,109799.0,8.08128
1757015234.8394306,1757015234526,1757015234526,109779.0,2.06164,109780.0,11.80828,109778.0,0.00011,109781.0,1.96687,109777.0,0.00011,109782.0,0.21219,109776.0,0.0911,109783.0,0.00352,109775.0,2.27719,109784.0,0.16405,109774.0,0.65471,109785.0,1.01402,109773.0,0.00011,109786.0,0.04928,109772.0,0.41416,109787.0,0.51808,109771.0,0.92054,109788.0,0.10121,109770.0,0.45437,109789.0,0.21547,109769.0,0.55596,109790.0,0.17661,109768.0,3.72397,109791.0,2.58828,109767.0,3.5301,109792.0,1.51981,109766.0,0.04907,109793.0,2.75218,109765.0,4.32359,109794.0,0.04452,109764.0,3.10352,109795.0,3.19803,109763.0,0.00352,109796.0,4.32111,109762.0,3.15901,109797.0,2.30193,109761.0,3.39595,109798.0,1.47252,109760.0,1.60625,109799.0,8.08128
1757015235.5734446,1757015235147,1757015235147,109779.0,1.07108,109780.0,9.86554,109778.0,0.00011,109781.0,1.96687,109777.0,0.13673,109782.0,0.20383,109776.0,1.45734,109783.0,0.00352,109775.0,0.91094,109784.0,2.89637,109774.0,0.56363,109785.0,0.01295,109773.0,1.54199,109786.0,0.04928,109772.0,0.04565,109787.0,0.05612,109771.0,0.92054,109788.0,0.01022,109770.0,0.49991,109789.0,0.30646,109769.0,0.55596,109790.0,0.17661,109768.0,4.08834,109791.0,3.27058,109767.0,3.5301,109792.0,1.38321,109766.0,0.00352,109793.0,2.75218,109765.0,4.32359,109794.0,0.04452,109764.0,3.05797,109795.0,3.02285,109763.0,0.00352,109796.0,4.32111,109762.0,3.25011,109797.0,2.30193,109761.0,3.06773,109798.0,1.47252,109760.0,1.60625,109799.0,8.08128
1757015235.928861,1757015235554,1757015235554,109779.0,1.98187,109780.0,6.06032,109778.0,0.2385,109781.0,1.24566,109777.0,0.00011,109782.0,0.20383,109776.0,1.45734,109783.0,1.91617,109775.0,0.00011,109784.0,0.16405,109774.0,0.70025,109785.0,0.01295,109773.0,2.73268,109786.0,0.00374,109772.0,0.04565,109787.0,0.05612,109771.0,1.03553,109788.0,4.56399,109770.0,1.11643,109789.0,0.21547,109769.0,0.55596,109790.0,0.07661,109768.0,0.96609,109791.0,2.13284,109767.0,2.98356,109792.0,1.38321,109766.0,0.00352,109793.0,2.75218,109765.0,4.32359,109794.0,0.04452,109764.0,3.05797,109795.0,3.02285,109763.0,0.00352,109796.0,5.00411,109762.0,3.25011,109797.0,2.30193,109761.0,2.93109,109798.0,1.47252,109760.0,1.60625,109799.0,7.99018
1757015236.4760058,1757015236118,1757015236118,109779.0,1.06576,109780.0,7.92809,109778.0,0.2385,109781.0,1.56444,109777.0,0.00011,109782.0,0.20383,109776.0,1.45734,109783.0,0.00352,109775.0,0.91093,109784.0,0.16405,109774.0,0.17295,109785.0,0.01295,109773.0,0.00011,109786.0,0.00374,109772.0,1.53222,109787.0,0.05612,109771.0,1.03553,109788.0,4.56399,109770.0,0.7372,109789.0,0.89777,109769.0,5.90239,109790.0,0.07661,109768.0,1.7893,109791.0,2.45159,109767.0,3.11689,109792.0,1.38321,109766.0,0.00352,109793.0,2.75218,109765.0,4.32359,109794.0,0.04452,109764.0,3.05797,109795.0,3.02285,109763.0,0.00352,109796.0,5.00411,109762.0,3.25011,109797.0,2.30193,109761.0,2.93109,109798.0,1.47252,109760.0,1.60625,109799.0,7.99018
1757015236.9752269,1757015236680,1757015236680,109779.0,1.07108,109780.0,7.96074,109778.0,0.4171,109781.0,1.67975,109777.0,0.00011,109782.0,0.20383,109776.0,1.45734,109783.0,0.00352,109775.0,0.91093,109784.0,0.16405,109774.0,0.21849,109785.0,0.01295,109773.0,0.00011,109786.0,0.00374,109772.0,0.04565,109787.0,0.05612,109771.0,1.03553,109788.0,4.56399,109770.0,3.74128,109789.0,0.89777,109769.0,4.41238,109790.0,0.07661,109768.0,1.24277,109791.0,2.45159,109767.0,3.11689,109792.0,1.38321,109766.0,0.00352,109793.0,2.75218,109765.0,4.32359,109794.0,0.04452,109764.0,3.05797,109795.0,3.02285,109763.0,0.00352,109796.0,5.00411,109762.0,3.25011,109797.0,2.30193,109761.0,2.93109,109798.0,1.47252,109760.0,1.60625,109799.0,8.39621
1757015237.5726433,1757015237191,1757015237191,109779.0,3.58027,109780.0,2.7139,109778.0,0.4171,109781.0,1.24566,109777.0,0.00011,109782.0,0.15829,109776.0,0.22772,109783.0,3.28234,109775.0,0.00011,109784.0,0.16405,109774.0,0.03633,109785.0,0.01295,109773.0,0.54662,109786.0,0.00374,109772.0,1.13764,109787.0,1.42227,109771.0,2.85443,109788.0,4.56399,109770.0,4.10902,109789.0,0.89777,109769.0,3.86585,109790.0,0.01285,109768.0,0.92395,109791.0,2.45159,109767.0,5.84959,109792.0,0.46278,109766.0,0.00352,109793.0,0.02008,109765.0,4.32359,109794.0,0.96495,109764.0,3.05797,109795.0,2.10242,109763.0,0.00352,109796.0,1.27957,109762.0,3.25011,109797.0,0.21263,109761.0,3.06773,109798.0,3.29142,109760.0,1.60625,109799.0,10.59459
1757015238.0901415,1757015237724,1757015237724,109779.0,3.75565,109780.0,2.7594,109778.0,0.4171,109781.0,1.24566,109777.0,0.00011,109782.0,0.83178,109776.0,0.18227,109783.0,0.54998,109775.0,0.00011,109784.0,0.16405,109774.0,1.04775,109785.0,0.55941,109773.0,3.27911,109786.0,2.73604,109772.0,0.59216,109787.0,1.42227,109771.0,3.17324,109788.0,4.65498,109770.0,4.10902,109789.0,0.89777,109769.0,1.13321,109790.0,0.07661,109768.0,0.92395,109791.0,0.32243,109767.0,5.84959,109792.0,0.46278,109766.0,0.00352,109793.0,0.02008,109765.0,4.32359,109794.0,0.96495,109764.0,3.3768,109795.0,0.7364,109763.0,0.00352,109796.0,0.31428,109762.0,3.15912,109797.0,0.48303,109761.0,3.06773,109798.0,3.29142,109760.0,2.85887,109799.0,10.59459
1757015238.5465143,1757015238268,1757015238268,109779.0,2.43653,109780.0,7.19608,109778.0,0.00011,109781.0,1.56444,109777.0,1.36631,109782.0,0.20383,109776.0,0.00011,109783.0,1.91615,109775.0,0.13673,109784.0,0.16405,109774.0,3.41351,109785.0,1.71972,109773.0,0.00011,109786.0,0.04928,109772.0,0.59216,109787.0,0.05612,109771.0,6.13352,109788.0,4.65498,109770.0,1.55485,109789.0,0.89777,109769.0,1.45203,109790.0,0.07661,109768.0,0.92395,109791.0,0.32243,109767.0,3.11689,109792.0,0.46278,109766.0,0.00352,109793.0,0.02008,109765.0,4.32359,109794.0,0.96495,109764.0,3.3768,109795.0,0.7364,109763.0,2.73627,109796.0,0.31428,109762.0,3.15912,109797.0,0.48303,109761.0,3.15872,109798.0,3.32697,109760.0,4.65075,109799.0,11.00956
1757015239.1522171,1757015238839,1757015238839,109779.0,16.37904,109780.0,0.18999,109778.0,1.24924,109781.0,0.00011,109777.0,0.57452,109782.0,0.04903,109776.0,0.00352,109783.0,0.00011,109775.0,3.18783,109784.0,0.00011,109774.0,3.28039,109785.0,0.00011,109773.0,0.11873,109786.0,0.00011,109772.0,1.86854,109787.0,0.03633,109771.0,2.74285,109788.0,0.00681,109770.0,2.80522,109789.0,0.00011,109769.0,2.32695,109790.0,0.01285,109768.0,0.9244,109791.0,0.00352,109767.0,1.99076,109792.0,0.00352,109766.0,2.58059,109793.0,0.1403,109765.0,4.41458,109794.0,0.04452,109764.0,2.80119,109795.0,0.64533,109763.0,3.24335,109796.0,0.05017,109762.0,1.82242,109797.0,0.75902,109761.0,0.47392,109798.0,0.00352,109760.0,3.98918,109799.0,2.00901
1757015239.6733418,1757015239359,1757015239359,109779.0,27.61573,109780.0,0.18203,109778.0,1.33209,109781.0,0.00011,109777.0,0.14005,109782.0,0.00011,109776.0,0.95987,109783.0,0.00011,109775.0,2.62572,109784.0,0.00011,109774.0,2.52761,109785.0,0.00011,109773.0,0.19887,109786.0,0.00011,109772.0,0.00352,109787.0,0.00011,109771.0,2.74285,109788.0,0.05153,109770.0,5.54436,109789.0,0.00011,109769.0,0.06429,109790.0,0.00011,109768.0,0.9244,109791.0,0.00011,109767.0,1.97438,109792.0,0.00011,109766.0,0.00352,109793.0,0.00029,109765.0,4.325,109794.0,0.00011,109764.0,2.72064,109795.0,0.00011,109763.0,7.75487,109796.0,0.04676,109762.0,1.82242,109797.0,0.00029,109761.0,0.47392,109798.0,0.00352,109760.0,7.15124,109799.0,0.00352
1757015240.7474093,1757015240060,1757015240060,109781.0,24.01895,109782.0,0.00011,109780.0,28.98024,109783.0,0.00011,109779.0,26.45268,109784.0,0.00011,109778.0,2.50694,109785.0,0.00011,109777.0,0.04906,109786.0,0.00011,109776.0,0.05389,109787.0,0.00011,109775.0,1.99805,109788.0,0.00681,109774.0,2.91018,109789.0,0.00011,109773.0,0.24441,109790.0,0.00011,109772.0,0.00352,109791.0,0.00011,109771.0,2.74285,109792.0,0.00011,109770.0,7.23837,109793.0,0.00029,109769.0,0.03882,109794.0,0.00011,109768.0,8.29624,109795.0,0.0436,109767.0,2.06537,109796.0,0.00011,109766.0,0.60344,109797.0,0.00011,109765.0,8.39016,109798.0,0.00011,109764.0,2.59964,109799.0,0.03633,109763.0,7.70335,109800.0,0.04564,109762.0,1.82242,109801.0,0.91073
1757015240.8667367,1757015240464,1757015240464,109787.0,8.45901,109788.0,0.0067,109786.0,7.07022,109789.0,0.00011,109785.0,3.28279,109792.0,0.00011,109784.0,2.41359,109793.0,0.00029,109783.0,1.96259,109794.0,0.00011,109782.0,2.26423,109795.0,0.0436,109781.0,48.43723,109796.0,0.00011,109780.0,19.47519,109797.0,0.00011,109779.0,7.95186,109798.0,0.1367,109778.0,2.50694,109799.0,0.03974,109777.0,0.04906,109800.0,0.00011,109776.0,0.05389,109801.0,0.00011,109775.0,1.99805,109802.0,0.04564,109774.0,2.59138,109803.0,0.31883,109773.0,0.19865,109804.0,0.25122,109772.0,0.00352,109805.0,0.57751,109771.0,2.74285,109806.0,4.79694,109770.0,7.16837,109807.0,2.25698,109769.0,0.03882,109808.0,0.4511,109768.0,8.29624,109809.0,1.95683
1757015241.3101037,1757015240884,1757015240884,109787.0,45.72383,109788.0,0.0067,109786.0,14.49737,109789.0,0.00011,109785.0,11.63485,109792.0,0.00011,109784.0,5.78844,109793.0,0.00029,109783.0,6.15493,109794.0,0.00011,109782.0,6.27807,109795.0,0.05027,109781.0,18.77106,109796.0,0.00011,109780.0,9.6625,109797.0,0.00011,109779.0,6.83954,109798.0,0.1367,109778.0,2.50694,109799.0,0.03633,109777.0,0.00352,109800.0,0.04564,109776.0,0.05389,109801.0,0.00352,109775.0,1.95273,109802.0,0.95966,109774.0,2.55516,109803.0,0.00352,109773.0,0.19865,109804.0,0.25122,109772.0,0.07486,109805.0,0.57751,109771.0,2.74745,109806.0,4.79694,109770.0,7.02549,109807.0,2.34804,109769.0,0.10383,109808.0,0.4511,109768.0,8.29624,109809.0,1.95683
1757015241.9503348,1757015241473,1757015241473,109787.0,29.70136,109788.0,0.00681,109786.0,6.48754,109789.0,0.00011,109785.0,0.14002,109790.0,0.00011,109784.0,1.43205,109791.0,0.00011,109783.0,2.7357,109792.0,0.00011,109782.0,1.36957,109793.0,0.00011,109781.0,3.7412,109794.0,0.15179,109780.0,3.56402,109795.0,0.05027,109779.0,3.91394,109796.0,0.00011,109778.0,1.7586,109797.0,3.96145,109777.0,0.00352,109798.0,0.00011,109776.0,0.05434,109799.0,0.03633,109775.0,5.2224,109800.0,0.0957,109774.0,2.55516,109801.0,0.54989,109773.0,0.19865,109802.0,0.00352,109772.0,0.00352,109803.0,4.10125,109771.0,2.87948,109804.0,0.20569,109770.0,4.93039,109805.0,0.12223,109769.0,0.01284,109806.0,2.20179,109768.0,8.38688,109807.0,0.38158
1757015242.4896393,1757015242062,1757015242062,109787.0,28.04654,109788.0,0.2,109786.0,9.31434,109793.0,1.22466,109785.0,1.24727,109794.0,0.18224,109784.0,1.02229,109795.0,0.0436,109783.0,2.78124,109796.0,0.04564,109782.0,1.82493,109797.0,2.73207,109781.0,2.79686,109798.0,0.00011,109780.0,0.4229,109799.0,0.03633,109779.0,3.50486,109800.0,0.21992,109778.0,1.89895,109801.0,1.91588,109777.0,0.00352,109802.0,0.00352,109776.0,1.42055,109803.0,2.73534,109775.0,2.48991,109804.0,0.20569,109774.0,2.49139,109805.0,1.12324,109773.0,0.19865,109806.0,2.20179,109772.0,0.09451,109807.0,0.38158,109771.0,3.426,109808.0,0.4511,109770.0,5.15821,109809.0,1.95683,109769.0,2.74546,109810.0,4.71887,109768.0,8.25934,109811.0,7.5219
1757015243.0360878,1757015242657,1757015242657,109787.0,26.30814,109788.0,0.2,109786.0,6.60253,109791.0,0.31875,109785.0,1.38388,109793.0,0.90591,109784.0,2.72544,109794.0,2.91428,109783.0,0.00341,109795.0,0.0436,109782.0,1.82493,109796.0,0.00011,109781.0,2.75132,109797.0,1.3661,109780.0,3.16975,109798.0,0.00011,109779.0,6.23725,109799.0,0.58272,109778.0,1.74895,109800.0,1.5825,109777.0,0.32231,109801.0,0.54648,109776.0,2.10285,109802.0,0.00011,109775.0,2.48991,109803.0,2.73193,109774.0,2.55516,109804.0,0.20228,109773.0,0.17465,109805.0,1.12324,109772.0,0.00011,109806.0,0.42926,109771.0,3.42529,109807.0,0.38158,109770.0,5.1548,109808.0,0.54209,109769.0,2.74205,109809.0,1.95683,109768.0,8.38347,109810.0,4.71887
1757015243.638929,1757015243165,1757015243165,109787.0,27.6807,109788.0,0.2,109786.0,6.60253,109794.0,0.00011,109785.0,1.24727,109795.0,0.0436,109784.0,2.72544,109796.0,0.91079,109783.0,0.04895,109797.0,0.00011,109782.0,0.04895,109798.0,2.73206,109781.0,2.75132,109799.0,0.58271,109780.0,3.62934,109800.0,0.21651,109779.0,6.23714,109801.0,0.00011,109778.0,1.74895,109802.0,2.4588,109777.0,0.00352,109803.0,2.73193,109776.0,1.42055,109804.0,0.20228,109775.0,2.48991,109805.0,0.88522,109774.0,2.49139,109806.0,0.29268,109773.0,0.17465,109807.0,0.38158,109772.0,0.00352,109808.0,0.54209,109771.0,3.46458,109809.0,1.95683,109770.0,4.8394,109810.0,3.47974,109769.0,2.74546,109811.0,7.5219,109768.0,8.25934,109812.0,0.52088
1757015244.071508,1757015243713,1757015243713,109787.0,30.09409,109788.0,0.2,109786.0,6.60253,109794.0,0.13671,109785.0,1.61158,109795.0,0.0436,109784.0,1.02229,109796.0,0.31885,109783.0,0.04895,109797.0,0.00011,109782.0,0.73125,109798.0,1.02689,109781.0,2.74296,109799.0,0.03633,109780.0,3.62934,109800.0,0.21651,109779.0,3.59584,109801.0,0.00011,109778.0,1.74895,109802.0,2.4588,109777.0,0.00352,109803.0,2.73202,109776.0,1.42055,109804.0,0.20228,109775.0,2.80871,109805.0,0.88522,109774.0,2.55516,109806.0,0.29268,109773.0,0.17465,109807.0,3.11331,109772.0,0.56985,109808.0,0.4511,109771.0,3.4287,109809.0,2.09341,109770.0,4.8394,109810.0,3.47974,109769.0,2.74546,109811.0,7.5219,109768.0,8.29579,109812.0,0.52088
1757015244.5532975,1757015244289,1757015244289,109787.0,31.60501,109788.0,0.2,109786.0,6.69362,109794.0,0.00011,109785.0,2.90915,109795.0,0.0436,109784.0,1.02229,109796.0,0.00011,109783.0,0.04895,109797.0,0.1367,109782.0,3.27614,109798.0,0.07071,109781.0,3.28943,109799.0,0.03633,109780.0,3.62934,109800.0,0.26204,109779.0,3.50475,109801.0,0.00011,109778.0,1.74895,109802.0,0.95625,109777.0,0.00352,109803.0,0.00011,109776.0,0.05434,109804.0,0.74864,109775.0,2.80871,109805.0,3.61699,109774.0,2.49139,109806.0,0.83903,109773.0,0.17465,109807.0,1.74744,109772.0,0.56985,109808.0,0.4511,109771.0,2.88218,109809.0,1.95683,109770.0,4.8394,109810.0,3.47974,109769.0,2.74546,109811.0,10.38924,109768.0,8.16825,109812.0,1.20318
1757015245.4928763,1757015244964,1757015244964,109787.0,28.4565,109788.0,0.15446,109786.0,6.60253,109794.0,0.00011,109785.0,2.90915,109795.0,0.0436,109784.0,1.02229,109796.0,0.91077,109783.0,2.78123,109797.0,0.1367,109782.0,4.64229,109798.0,0.00011,109781.0,2.74296,109799.0,3.36015,109780.0,3.72043,109800.0,0.26204,109779.0,3.50475,109801.0,1.91241,109778.0,1.74895,109802.0,0.00011,109777.0,0.00352,109803.0,2.73192,109776.0,0.60082,109804.0,0.20228,109775.0,2.8178,109805.0,0.88522,109774.0,2.55516,109806.0,0.29268,109773.0,0.17465,109807.0,0.38158,109772.0,0.56985,109808.0,0.4511,109771.0,2.88218,109809.0,1.95683,109770.0,4.8394,109810.0,3.47974,109769.0,2.74546,109811.0,7.65762,109768.0,8.29579,109812.0,1.20318
1757015245.9542356,1757015245441,1757015245441,109787.0,27.93962,109788.0,0.15434,109786.0,6.60253,109794.0,0.13671,109785.0,2.86361,109795.0,0.0436,109784.0,1.02229,109796.0,0.00011,109783.0,2.78123,109797.0,0.00011,109782.0,4.64229,109798.0,0.91077,109781.0,2.74296,109799.0,0.03633,109780.0,3.62874,109800.0,0.21651,109779.0,3.50475,109801.0,0.54648,109778.0,1.74895,109802.0,3.27836,109777.0,0.00352,109803.0,1.36602,109776.0,0.05434,109804.0,0.20228,109775.0,2.8178,109805.0,0.88522,109774.0,2.49139,109806.0,0.29268,109773.0,0.17465,109807.0,3.11331,109772.0,1.11636,109808.0,0.4511,109771.0,2.88218,109809.0,1.95683,109770.0,4.8394,109810.0,4.40017,109769.0,2.74546,109811.0,7.65762,109768.0,8.25934,109812.0,1.20318
1757015246.3128555,1757015245973,1757015245973,109787.0,36.22778,109788.0,0.15434,109786.0,6.64807,109794.0,0.00011,109785.0,4.67939,109795.0,0.0227,109784.0,1.09209,109796.0,0.00011,109783.0,0.19895,109797.0,0.00352,109782.0,3.8226,109798.0,0.00352,109781.0,2.74296,109799.0,0.02629,109780.0,3.52874,109800.0,0.11851,109779.0,1.03923,109801.0,0.00352,109778.0,1.74895,109802.0,0.14011,109777.0,0.00352,109803.0,0.00352,109776.0,2.3314,109804.0,0.20352,109775.0,1.95521,109805.0,0.01512,109774.0,2.55516,109806.0,0.00568,109773.0,0.17465,109807.0,0.64092,109772.0,0.56985,109808.0,1.36166,109771.0,2.87948,109809.0,0.09473,109770.0,4.8394,109810.0,3.02439,109769.0,0.01284,109811.0,0.73207,109768.0,8.29579,109812.0,3.25249
1757015246.7880309,1757015246473,1757015246473,109787.0,41.68226,109788.0,0.15434,109786.0,7.05792,109794.0,0.00011,109785.0,1.59202,109795.0,0.00011,109784.0,2.33484,109796.0,0.00011,109783.0,0.19895,109797.0,0.00011,109782.0,3.27614,109798.0,0.00011,109781.0,4.02253,109799.0,0.02288,109780.0,3.52874,109800.0,0.02285,109779.0,0.685,109801.0,0.00011,109778.0,1.13399,109802.0,0.00011,109777.0,0.00352,109803.0,0.00011,109776.0,4.60844,109804.0,0.02294,109775.0,1.95521,109805.0,0.00011,109774.0,2.49139,109806.0,0.00227,109773.0,0.15827,109807.0,0.13669,109772.0,0.88865,109808.0,0.00011,109771.0,2.74285,109809.0,0.00011,109770.0,4.8394,109810.0,0.105,109769.0,0.01284,109811.0,0.00698,109768.0,8.16825,109812.0,1.64669
1757015247.5861032,1757015247037,1757015247037,109795.0,14.1487,109801.0,0.00011,109794.0,12.51641,109802.0,0.00011,109793.0,14.70953,109803.0,0.00011,109792.0,5.34677,109804.0,0.02439,109791.0,4.53948,109805.0,0.00011,109790.0,4.05319,109806.0,0.00227,109789.0,3.08081,109807.0,0.00011,109788.0,3.44414,109808.0,0.00011,109787.0,45.67144,109809.0,0.00011,109786.0,6.96683,109810.0,0.02536,109785.0,4.8858,109811.0,0.14015,109784.0,2.2942,109812.0,0.00011,109783.0,0.26271,109813.0,0.00011,109782.0,6.69155,109814.0,0.00011,109781.0,4.02253,109815.0,0.11954,109780.0,2.67241,109816.0,0.00011,109779.0,7.8754,109817.0,0.91059,109778.0,1.26152,109818.0,0.70322,109777.0,0.45879,109819.0,0.01066,109776.0,3.00772,109820.0,0.01329
1757015248.1991377,1757015247563,1757015247563,109800.0,35.15135,109821.0,1.07739,109799.0,3.39787,109822.0,2.73475,109798.0,2.548,109823.0,1.98114,109797.0,1.09368,109824.0,0.00341,109796.0,10.54215,109825.0,0.22707,109795.0,21.35269,109826.0,3.20984,109794.0,0.09449,109827.0,0.24941,109793.0,0.00341,109828.0,0.18205,109792.0,0.00341,109829.0,0.14092,109791.0,0.13637,109830.0,3.95006,109790.0,0.42341,109831.0,3.9958,109789.0,0.06737,109832.0,0.49847,109788.0,0.1625,109833.0,0.49919,109787.0,12.28988,109834.0,1.42568,109786.0,0.1184,109835.0,1.25815,109785.0,4.35897,109836.0,1.04912,109784.0,1.20428,109837.0,0.69476,109783.0,0.00341,109838.0,0.17873,109782.0,8.59517,109839.0,1.73977,109781.0,2.74274,109840.0,0.11626
1757015248.6969142,1757015248229,1757015248229,109818.0,11.61943,109819.0,0.18972,109817.0,0.53127,109820.0,0.04049,109816.0,2.20571,109821.0,1.36581,109815.0,6.27429,109822.0,0.09116,109814.0,4.7679,109823.0,0.16271,109813.0,5.41163,109824.0,4.23707,109812.0,0.09671,109825.0,0.22837,109811.0,0.12781,109826.0,1.42829,109810.0,7.89531,109827.0,0.93182,109809.0,7.93062,109828.0,0.04452,109808.0,5.55233,109829.0,0.20477,109807.0,4.55964,109830.0,2.03842,109806.0,1.26311,109831.0,3.65508,109805.0,1.23246,109832.0,0.14452,109804.0,2.60341,109833.0,0.59079,109803.0,18.08072,109834.0,1.51678,109802.0,3.16011,109835.0,1.38572,109801.0,3.70484,109836.0,0.08552,109800.0,6.16359,109837.0,1.46226,109799.0,0.09451,109838.0,0.18225
1757015249.0427155,1757015248714,1757015248714,109818.0,6.31341,109819.0,0.65063,109817.0,0.02795,109820.0,0.04034,109815.0,0.45496,109821.0,1.91193,109814.0,0.92043,109822.0,0.09116,109813.0,1.82231,109823.0,0.12068,109812.0,3.28129,109824.0,1.50574,109811.0,0.92384,109825.0,0.22837,109810.0,4.42015,109826.0,0.46279,109809.0,3.77008,109827.0,0.93182,109808.0,3.60233,109828.0,0.04452,109807.0,4.89249,109829.0,0.20477,109806.0,1.30639,109830.0,1.87899,109805.0,2.60036,109831.0,3.65508,109804.0,0.92384,109832.0,0.14452,109803.0,0.82356,109833.0,0.63453,109802.0,0.32212,109834.0,1.42579,109801.0,0.14754,109835.0,1.38572,109800.0,5.49435,109836.0,0.08552,109799.0,0.09451,109837.0,1.46567,109798.0,0.89265,109838.0,0.68921
1757015249.6194196,1757015249235,1757015249235,109818.0,8.12435,109819.0,0.80763,109817.0,0.02795,109820.0,0.04375,109816.0,1.36572,109821.0,0.79531,109815.0,0.23167,109822.0,0.09457,109814.0,0.92043,109823.0,0.73196,109812.0,0.09121,109824.0,1.50574,109811.0,0.92043,109825.0,0.54702,109810.0,3.54652,109826.0,0.46279,109809.0,1.91338,109827.0,0.93182,109808.0,0.55336,109828.0,0.37044,109807.0,0.92384,109829.0,0.09457,109806.0,0.18552,109830.0,1.94272,109805.0,4.01709,109831.0,0.92395,109804.0,0.96937,109832.0,0.14452,109803.0,0.82356,109833.0,0.63453,109802.0,0.67628,109834.0,1.77985,109801.0,0.14754,109835.0,1.80446,109800.0,4.80529,109836.0,0.38549,109799.0,0.45443,109837.0,1.79317,109798.0,0.89265,109838.0,0.64509
1757015250.7490277,1757015249977,1757015249977,109818.0,4.63097,109819.0,1.71812,109817.0,0.02795,109820.0,0.04375,109816.0,1.78468,109821.0,0.79531,109815.0,1.81593,109822.0,0.09457,109814.0,0.92043,109823.0,0.21173,109812.0,0.09121,109824.0,1.50574,109811.0,2.7415,109825.0,0.63664,109810.0,2.85227,109826.0,0.46279,109809.0,1.91338,109827.0,2.75264,109808.0,0.55336,109828.0,0.27945,109807.0,0.96937,109829.0,0.09457,109806.0,0.18552,109830.0,0.11768,109805.0,2.77549,109831.0,0.92395,109804.0,0.96937,109832.0,0.14452,109803.0,0.82356,109833.0,0.63453,109802.0,0.67628,109834.0,1.77985,109801.0,0.14754,109835.0,1.80446,109800.0,8.40461,109836.0,0.61906,109799.0,1.69147,109837.0,1.79317,109798.0,0.89265,109838.0,0.47085
1757015250.7506363,1757015250391,1757015250391,109818.0,5.99667,109819.0,1.7636,109817.0,0.02795,109820.0,0.04375,109815.0,1.64358,109821.0,0.79531,109814.0,0.92043,109822.0,0.16508,109812.0,0.09121,109823.0,0.21173,109811.0,2.7415,109824.0,1.50574,109810.0,2.85227,109825.0,0.63664,109809.0,1.91338,109826.0,0.46279,109808.0,0.05111,109827.0,2.75264,109807.0,0.96937,109828.0,0.27945,109806.0,0.18552,109829.0,0.11819,109805.0,4.66444,109830.0,0.11768,109804.0,0.96937,109831.0,0.92395,109803.0,0.82356,109832.0,0.14452,109802.0,0.67628,109833.0,0.63453,109801.0,0.76237,109834.0,1.77985,109800.0,7.25248,109835.0,1.80446,109799.0,1.60048,109836.0,0.61906,109798.0,1.34292,109837.0,1.79317,109797.0,0.09451,109838.0,0.56184
1757015251.2250025,1757015250927,1757015250927,109818.0,3.72052,109819.0,7.28674,109817.0,0.93842,109820.0,0.04375,109816.0,1.36572,109821.0,0.24904,109815.0,1.12594,109822.0,0.3165,109814.0,0.92043,109823.0,0.24795,109813.0,0.23926,109824.0,3.18497,109812.0,0.00022,109825.0,0.63664,109811.0,2.7415,109826.0,0.46279,109810.0,3.41096,109827.0,2.75264,109809.0,2.41169,109828.0,0.41601,109808.0,1.23264,109829.0,0.11819,109807.0,0.92384,109830.0,0.11768,109806.0,0.11945,109831.0,0.92395,109805.0,4.66444,109832.0,0.14452,109804.0,3.65563,109833.0,0.59034,109803.0,0.82356,109834.0,1.77985,109802.0,0.67628,109835.0,5.08168,109801.0,0.75343,109836.0,0.44655,109800.0,7.25248,109837.0,1.55671,109799.0,1.60048,109838.0,0.56184
1757015251.8061287,1757015251485,1757015251485,109818.0,5.94728,109819.0,0.62233,109817.0,0.02795,109820.0,0.04375,109815.0,2.59052,109821.0,1.1595,109814.0,3.91986,109822.0,0.22545,109813.0,0.09099,109823.0,3.98075,109812.0,1.09284,109824.0,1.81934,109811.0,2.87808,109825.0,0.227,109810.0,2.68981,109826.0,1.44318,109809.0,2.36615,109827.0,0.93182,109808.0,0.00341,109828.0,0.41601,109807.0,2.05,109829.0,0.11819,109806.0,0.07392,109830.0,2.84885,109805.0,5.80673,109831.0,0.92395,109804.0,3.65563,109832.0,3.96873,109803.0,0.82356,109833.0,0.59034,109802.0,0.35757,109834.0,1.77985,109801.0,0.84442,109835.0,1.80446,109800.0,7.26084,109836.0,0.21298,109799.0,1.60048,109837.0,1.55671,109798.0,1.34292,109838.0,0.47085
1757015252.553711,1757015252120,1757015252120,109818.0,19.65348,109819.0,0.31843,109817.0,0.44197,109820.0,0.00011,109816.0,0.77387,109821.0,0.20011,109815.0,2.59052,109822.0,0.31236,109814.0,0.92043,109823.0,0.09579,109813.0,2.50842,109824.0,0.00352,109812.0,0.13679,109825.0,0.01295,109811.0,3.65204,109826.0,3.12136,109810.0,4.05562,109827.0,2.73475,109809.0,1.89564,109828.0,0.82569,109808.0,0.07388,109829.0,0.11819,109807.0,2.05,109830.0,1.48327,109806.0,0.00341,109831.0,2.34638,109805.0,4.72818,109832.0,0.5997,109804.0,4.70911,109833.0,0.59034,109803.0,0.91455,109834.0,4.27279,109802.0,0.90393,109835.0,0.48455,109801.0,0.75343,109836.0,2.03366,109800.0,5.7688,109837.0,0.49456,109799.0,2.18885,109838.0,2.89352
1757015253.1266592,1757015252667,1757015252667,109818.0,19.74454,109819.0,0.31843,109817.0,0.44197,109820.0,0.00011,109816.0,0.68281,109821.0,0.20011,109815.0,2.59052,109822.0,0.16094,109814.0,1.057,109823.0,0.05027,109813.0,2.50842,109824.0,0.00352,109812.0,0.00022,109825.0,0.01295,109811.0,3.65204,109826.0,4.36788,109810.0,5.18604,109827.0,0.00352,109809.0,1.89564,109828.0,0.82569,109808.0,0.07388,109829.0,2.84939,109807.0,2.11642,109830.0,1.48327,109806.0,0.00341,109831.0,0.09451,109805.0,6.15403,109832.0,0.5997,109804.0,4.8001,109833.0,0.59034,109803.0,0.82356,109834.0,4.27279,109802.0,0.90393,109835.0,0.02932,109801.0,0.75343,109836.0,2.03366,109800.0,5.78518,109837.0,0.49456,109799.0,2.18885,109838.0,2.89352
1757015253.7165568,1757015253273,1757015253273,109818.0,19.83209,109819.0,0.21319,109817.0,0.98826,109820.0,0.00011,109816.0,0.22758,109821.0,0.20011,109815.0,2.63605,109822.0,0.20646,109814.0,1.54827,109823.0,0.09579,109813.0,2.01564,109824.0,0.32217,109812.0,0.04575,109825.0,0.05847,109811.0,3.97413,109826.0,2.91121,109810.0,5.18945,109827.0,1.46018,109809.0,2.0387,109828.0,0.27945,109808.0,0.07388,109829.0,2.84939,109807.0,2.11642,109830.0,2.0295,109806.0,0.00341,109831.0,0.09451,109805.0,6.15403,109832.0,2.05864,109804.0,7.44091,109833.0,0.59034,109803.0,0.82356,109834.0,4.27279,109802.0,0.99492,109835.0,0.02932,109801.0,1.07214,109836.0,2.03366,109800.0,5.92177,109837.0,0.49456,109799.0,1.60048,109838.0,2.89352
1757015254.1628196,1757015253795,1757015253795,109818.0,20.07193,109819.0,0.18205,109817.0,0.44197,109820.0,0.00011,109816.0,0.04553,109821.0,0.20011,109815.0,5.50412,109822.0,0.16094,109814.0,1.50617,109823.0,0.05027,109813.0,3.17061,109824.0,0.00352,109812.0,0.04916,109825.0,0.05847,109811.0,0.92384,109826.0,2.41472,109810.0,5.19162,109827.0,0.00352,109809.0,2.03653,109828.0,0.75416,109808.0,0.00341,109829.0,2.75832,109807.0,2.11642,109830.0,0.60018,109806.0,0.00341,109831.0,1.46008,109805.0,7.79215,109832.0,2.05864,109804.0,7.44091,109833.0,0.59034,109803.0,0.82356,109834.0,1.54172,109802.0,0.90393,109835.0,0.02932,109801.0,1.07214,109836.0,0.08552,109800.0,3.55721,109837.0,3.22556,109799.0,1.60048,109838.0,2.62312
1757015254.6952112,1757015254369,1757015254369,109818.0,19.52564,109819.0,0.2917,109817.0,0.44197,109820.0,0.00011,109816.0,0.54629,109821.0,0.20011,109815.0,5.50412,109822.0,0.16094,109814.0,1.5061,109823.0,0.04191,109813.0,3.17061,109824.0,0.00352,109812.0,0.11961,109825.0,0.96889,109811.0,1.24253,109826.0,1.50431,109810.0,4.53561,109827.0,1.23732,109809.0,2.12759,109828.0,0.75416,109808.0,0.00341,109829.0,4.12391,109807.0,4.57463,109830.0,1.86653,109806.0,0.00341,109831.0,0.09451,109805.0,7.79215,109832.0,0.5997,109804.0,7.44091,109833.0,0.59034,109803.0,0.82356,109834.0,1.54172,109802.0,0.90393,109835.0,0.02932,109801.0,1.07214,109836.0,3.93076,109800.0,3.55721,109837.0,3.22556,109799.0,1.60048,109838.0,1.05714
1757015255.7637403,1757015255153,1757015255153,109818.0,2.61576,109819.0,15.52636,109813.0,0.03622,109820.0,0.328,109810.0,0.45757,109821.0,0.29451,109807.0,0.91057,109822.0,0.32218,109806.0,0.09099,109823.0,1.11036,109805.0,0.09227,109824.0,1.01274,109804.0,1.36589,109825.0,0.02955,109803.0,0.54636,109826.0,1.44862,109802.0,0.35416,109827.0,4.11675,109801.0,0.61824,109828.0,2.09711,109800.0,0.24,109829.0,0.94757,109799.0,2.73545,109830.0,1.03826,109798.0,0.66062,109831.0,0.00352,109797.0,2.39922,109832.0,1.9298,109796.0,1.82242,109833.0,0.55451,109795.0,3.27542,109834.0,0.95041,109794.0,0.35002,109835.0,3.02268,109793.0,0.09451,109836.0,3.94172,109792.0,2.78115,109837.0,1.10919,109791.0,0.13648,109838.0,1.57155
1757015255.9821906,1757015255517,1757015255517,109818.0,0.10162,109819.0,15.52636,109816.0,0.00011,109820.0,2.18823,109813.0,0.03622,109821.0,0.29451,109810.0,0.45757,109822.0,0.32218,109807.0,0.91057,109823.0,1.11036,109806.0,0.09099,109824.0,1.01274,109805.0,1.36588,109825.0,0.02955,109803.0,0.54636,109826.0,1.44862,109802.0,0.35416,109827.0,4.11675,109801.0,1.53867,109828.0,2.09711,109800.0,4.8826,109829.0,0.94757,109799.0,2.73545,109830.0,1.03826,109798.0,1.13078,109831.0,0.00352,109797.0,2.39922,109832.0,1.9298,109796.0,1.82242,109833.0,0.55451,109795.0,3.27542,109834.0,0.85942,109794.0,0.44101,109835.0,3.02268,109793.0,0.09451,109836.0,3.94172,109792.0,2.73561,109837.0,1.10919,109791.0,0.22756,109838.0,1.57155
1757015256.445185,1757015256065,1757015256065,109818.0,0.00867,109819.0,23.34315,109817.0,0.00011,109820.0,1.21162,109816.0,0.00011,109821.0,0.29451,109815.0,0.00011,109822.0,2.68741,109814.0,0.00011,109823.0,8.35807,109813.0,0.00011,109824.0,0.46648,109812.0,0.00011,109825.0,0.62317,109811.0,0.48753,109826.0,1.40118,109810.0,0.00228,109827.0,0.00352,109809.0,0.00352,109828.0,2.71179,109808.0,0.00352,109829.0,1.06857,109807.0,0.00352,109830.0,0.05411,109806.0,1.82467,109831.0,1.169,109805.0,0.00352,109832.0,1.06495,109804.0,0.00352,109833.0,0.6455,109803.0,1.36942,109834.0,8.10372,109802.0,0.00352,109835.0,10.72221,109801.0,0.00011,109836.0,6.56332,109800.0,0.1367,109837.0,0.53874,109798.0,0.59202,109838.0,1.57155
1757015256.9451473,1757015256614,1757015256614,109803.0,0.00011,109805.0,0.53646,109802.0,0.00011,109806.0,2.35079,109801.0,0.00011,109807.0,3.49318,109800.0,0.00011,109808.0,4.93274,109798.0,0.00011,109809.0,5.7361,109797.0,0.00011,109810.0,5.68415,109796.0,0.91077,109811.0,5.33527,109795.0,0.00352,109812.0,4.17179,109794.0,0.00352,109813.0,21.32383,109793.0,1.36954,109814.0,15.56102,109792.0,0.09451,109815.0,13.7671,109791.0,0.00352,109816.0,12.63677,109790.0,1.02395,109817.0,11.23796,109789.0,0.00622,109818.0,8.28866,109788.0,0.00352,109819.0,25.30653,109787.0,4.11158,109820.0,4.60962,109786.0,0.32921,109821.0,0.74518,109785.0,3.25102,109822.0,2.328,109784.0,0.93078,109823.0,9.28926,109783.0,2.65881,109824.0,0.78019
1757015257.5897481,1757015257140,1757015257140,109797.0,1.31666,109800.0,17.92403,109796.0,0.91066,109801.0,34.28327,109795.0,0.03622,109802.0,26.10328,109794.0,0.31312,109803.0,30.1799,109793.0,0.8574,109804.0,30.95245,109792.0,0.48405,109805.0,5.18563,109791.0,3.68403,109806.0,7.20343,109790.0,1.02395,109807.0,0.42254,109789.0,0.39994,109808.0,2.98697,109788.0,1.42675,109809.0,2.20019,109787.0,3.65616,109810.0,1.27633,109786.0,2.57233,109811.0,0.25544,109785.0,5.8646,109812.0,14.45474,109784.0,0.93078,109813.0,1.18533,109783.0,2.63496,109814.0,2.3632,109782.0,0.04906,109815.0,18.21321,109781.0,3.82519,109816.0,2.54249,109780.0,0.2741,109817.0,0.25525,109779.0,4.6461,109818.0,2.60793,109778.0,0.95063,109819.0,6.49127
1757015258.0781133,1757015257700,1757015257700,109797.0,2.82827,109798.0,55.20353,109796.0,0.31883,109799.0,2.09134,109795.0,0.03974,109800.0,6.9062,109794.0,0.49213,109801.0,0.91871,109793.0,0.68652,109802.0,7.72992,109792.0,0.04906,109803.0,0.04553,109791.0,3.82056,109804.0,1.37524,109790.0,1.02395,109805.0,2.52081,109789.0,0.39994,109806.0,0.7767,109788.0,2.13078,109807.0,0.04666,109787.0,3.65616,109808.0,2.73511,109786.0,2.43219,109809.0,1.91561,109785.0,4.74328,109810.0,0.94271,109784.0,0.93078,109811.0,2.20542,109783.0,0.00352,109812.0,0.01305,109782.0,2.49096,109813.0,0.93348,109781.0,3.91628,109814.0,2.43002,109780.0,2.85038,109815.0,5.59835,109779.0,3.16116,109816.0,1.47014,109778.0,1.63293,109817.0,0.1662
1757015258.517716,1757015258215,1757015258215,109797.0,2.78782,109798.0,26.841,109796.0,0.49071,109799.0,3.28077,109795.0,3.45472,109800.0,2.30471,109794.0,0.17923,109801.0,1.18109,109793.0,0.00352,109803.0,2.77735,109792.0,1.96231,109804.0,3.24258,109791.0,0.54204,109805.0,2.52081,109790.0,1.02395,109806.0,0.68788,109789.0,0.39994,109807.0,0.19113,109788.0,2.27541,109808.0,2.8261,109787.0,3.65616,109809.0,1.91561,109786.0,2.36208,109810.0,0.01264,109785.0,5.41845,109811.0,2.20542,109784.0,0.93078,109812.0,0.06716,109783.0,0.0946,109813.0,0.00341,109782.0,2.49096,109814.0,0.34072,109781.0,3.91628,109815.0,3.6958,109780.0,2.85038,109816.0,1.47014,109779.0,3.16116,109817.0,0.03872,109778.0,1.72392,109818.0,0.41712
1757015259.174319,1757015258840,1757015258840,109797.0,2.96997,109798.0,15.87983,109796.0,0.49071,109799.0,3.47168,109795.0,0.03974,109800.0,0.76672,109794.0,0.00352,109801.0,1.63639,109793.0,3.41856,109802.0,1.09273,109792.0,0.47332,109803.0,0.04553,109791.0,0.09451,109804.0,0.78397,109790.0,1.57037,109805.0,1.59563,109789.0,0.00352,109806.0,0.68788,109788.0,2.34491,109807.0,0.26259,109787.0,3.7017,109808.0,2.73511,109786.0,2.36208,109809.0,1.91561,109785.0,5.41845,109810.0,0.01264,109784.0,1.24953,109811.0,1.73314,109783.0,0.00352,109812.0,0.00341,109782.0,2.49096,109813.0,0.92384,109781.0,3.91628,109814.0,0.32208,109780.0,2.71377,109815.0,3.6958,109779.0,3.16116,109816.0,1.47014,109778.0,1.63293,109817.0,0.52766
1757015259.830616,1757015259411,1757015259411,109797.0,3.91706,109798.0,14.74957,109796.0,0.49071,109799.0,1.03563,109795.0,0.03974,109800.0,1.70425,109794.0,0.00352,109801.0,0.27046,109793.0,3.96496,109802.0,0.54637,109792.0,0.87731,109803.0,4.1433,109791.0,0.09451,109804.0,0.78397,109790.0,1.47933,109805.0,2.14198,109789.0,0.00352,109806.0,0.68788,109788.0,2.34491,109807.0,0.26259,109787.0,3.65616,109808.0,2.73511,109786.0,2.36208,109809.0,1.91561,109785.0,5.41845,109810.0,0.01264,109784.0,1.24953,109811.0,0.36575,109783.0,0.00352,109812.0,0.06716,109782.0,2.49096,109813.0,0.92384,109781.0,3.91628,109814.0,0.32208,109780.0,2.71377,109815.0,3.6958,109779.0,3.29778,109816.0,1.47014,109778.0,1.72392,109817.0,0.52766
1757015260.7038517,1757015260222,1757015260222,109797.0,14.79299,109798.0,1.79485,109796.0,0.60229,109799.0,0.00011,109795.0,0.03633,109800.0,0.00011,109794.0,5.34421,109801.0,0.00011,109793.0,0.45892,109802.0,0.00011,109792.0,0.40751,109803.0,0.00352,109791.0,1.15035,109804.0,0.18776,109790.0,1.02395,109805.0,0.00847,109789.0,1.54638,109806.0,0.13886,109788.0,2.34491,109807.0,0.04677,109787.0,1.53886,109808.0,0.00352,109786.0,2.30845,109809.0,0.00352,109785.0,5.73592,109810.0,0.9232,109784.0,0.93078,109811.0,2.20785,109783.0,1.19675,109812.0,4.05474,109782.0,2.50734,109813.0,1.36931,109781.0,3.30133,109814.0,0.00352,109780.0,2.85038,109815.0,3.75965,109779.0,0.62189,109816.0,0.00341,109778.0,1.04171,109817.0,1.95088
1757015260.8507266,1757015260450,1757015260450,109797.0,14.79298,109798.0,0.89539,109796.0,0.4873,109799.0,0.00011,109795.0,0.03633,109800.0,0.00011,109794.0,5.34421,109801.0,0.00011,109793.0,0.45892,109802.0,0.00011,109792.0,0.40751,109803.0,0.00352,109791.0,1.15035,109804.0,0.18776,109790.0,1.02395,109805.0,0.12346,109789.0,1.54638,109806.0,0.13886,109788.0,2.34491,109807.0,0.04677,109787.0,1.53886,109808.0,0.00352,109786.0,2.30845,109809.0,0.64084,109785.0,5.73592,109810.0,0.92331,109784.0,0.93078,109811.0,1.29964,109783.0,1.19675,109812.0,3.41743,109782.0,2.50734,109813.0,1.36931,109781.0,3.30133,109814.0,0.00352,109780.0,0.41071,109815.0,3.75965,109779.0,0.62189,109816.0,0.00352,109778.0,1.04171,109817.0,1.95088
1757015261.425202,1757015260989,1757015260989,109797.0,16.37724,109798.0,0.24524,109796.0,0.88961,109799.0,0.00011,109795.0,2.60075,109800.0,0.00011,109794.0,6.71022,109801.0,0.00011,109793.0,0.50446,109802.0,0.00011,109792.0,0.40751,109803.0,0.00011,109791.0,1.15035,109804.0,0.18776,109790.0,2.39001,109805.0,1.02569,109789.0,1.54638,109806.0,0.18439,109788.0,2.34491,109807.0,0.04677,109787.0,1.53886,109808.0,1.0962,109786.0,4.79539,109809.0,2.73519,109785.0,5.73592,109810.0,2.62825,109784.0,0.93078,109811.0,1.39063,109783.0,1.19675,109812.0,0.68582,109782.0,3.27197,109813.0,0.00352,109781.0,3.30133,109814.0,0.00352,109780.0,0.41071,109815.0,0.10381,109779.0,1.76804,109816.0,3.09932,109778.0,1.04171,109817.0,1.95088
1757015261.883878,1757015261535,1757015261535,109797.0,10.59459,109798.0,0.2536,109796.0,0.4873,109799.0,0.00221,109795.0,5.97012,109800.0,0.00011,109794.0,4.5246,109801.0,0.00011,109793.0,2.32582,109802.0,0.04564,109792.0,0.40751,109803.0,3.64253,109791.0,3.88244,109804.0,0.8707,109790.0,1.02395,109805.0,2.02733,109789.0,1.54638,109806.0,0.04781,109788.0,2.34491,109807.0,2.27059,109787.0,1.53886,109808.0,0.09451,109786.0,6.1615,109809.0,0.00352,109785.0,3.00366,109810.0,0.71609,109784.0,0.93078,109811.0,4.03126,109783.0,0.01284,109812.0,0.68719,109782.0,3.27197,109813.0,0.00352,109781.0,3.39232,109814.0,0.00352,109780.0,3.68955,109815.0,0.16755,109779.0,2.31451,109816.0,3.09932,109778.0,1.04171,109817.0,1.95088
1757015262.5689971,1757015262142,1757015262142,109797.0,2.14112,109798.0,4.4244,109796.0,0.00011,109799.0,0.00011,109795.0,1.40573,109800.0,0.04564,109794.0,1.37547,109801.0,0.1367,109793.0,0.45892,109802.0,1.95801,109792.0,0.64092,109803.0,3.27829,109791.0,1.17527,109804.0,0.19655,109790.0,2.84285,109805.0,0.11851,109789.0,4.00813,109806.0,0.13911,109788.0,0.21765,109807.0,0.13776,109787.0,2.98632,109808.0,0.00352,109786.0,0.37456,109809.0,1.82469,109785.0,0.09407,109810.0,1.32596,109784.0,0.92395,109811.0,1.29964,109783.0,3.04139,109812.0,0.68719,109782.0,5.68553,109813.0,0.00352,109781.0,2.74285,109814.0,0.54983,109780.0,0.2741,109815.0,0.10381,109779.0,1.98731,109816.0,1.33092,109778.0,2.31684,109817.0,0.12989
1757015262.9923284,1757015262641,1757015262641,109797.0,2.74146,109798.0,4.59363,109796.0,0.00011,109799.0,0.32093,109795.0,1.40573,109800.0,1.41159,109794.0,1.37547,109801.0,0.84436,109793.0,5.01164,109802.0,0.59203,109792.0,0.09451,109803.0,0.54647,109791.0,1.10481,109804.0,0.19117,109790.0,5.64551,109805.0,0.12774,109789.0,4.05367,109806.0,2.8709,109788.0,0.21765,109807.0,0.28199,109787.0,2.43989,109808.0,0.00352,109786.0,0.37456,109809.0,1.82469,109785.0,0.09407,109810.0,0.71609,109784.0,0.92395,109811.0,1.29964,109783.0,3.04139,109812.0,0.68719,109782.0,5.68553,109813.0,0.00352,109781.0,2.74285,109814.0,0.54983,109780.0,0.2741,109815.0,0.52177,109779.0,2.83193,109816.0,1.33092,109778.0,2.99914,109817.0,2.82557
1757015263.5913398,1757015263143,1757015263143,109797.0,2.41404,109798.0,5.14016,109796.0,0.00011,109799.0,1.19529,109795.0,1.40573,109800.0,1.41159,109794.0,3.87004,109801.0,0.00011,109793.0,2.06235,109802.0,0.04564,109792.0,0.09451,109803.0,0.54647,109791.0,1.51465,109804.0,0.2367,109790.0,5.59997,109805.0,1.30426,109789.0,4.00813,109806.0,3.5532,109788.0,0.76408,109807.0,0.28199,109787.0,2.48543,109808.0,0.00352,109786.0,0.37456,109809.0,1.82469,109785.0,0.41283,109810.0,0.71609,109784.0,0.93078,109811.0,1.29964,109783.0,3.04139,109812.0,0.00352,109782.0,5.68553,109813.0,0.00352,109781.0,2.74285,109814.0,0.54983,109780.0,0.2741,109815.0,0.48622,109779.0,3.43654,109816.0,1.33092,109778.0,2.99914,109817.0,2.82557
1757015263.928139,1757015263658,1757015263658,109797.0,3.37001,109798.0,2.87558,109796.0,0.00341,109799.0,0.87447,109795.0,0.58272,109800.0,0.04564,109794.0,2.73214,109801.0,2.73539,109793.0,0.59211,109802.0,1.50607,109792.0,0.54993,109803.0,2.75619,109791.0,0.26532,109804.0,0.23329,109790.0,0.10352,109805.0,1.8472,109789.0,0.00352,109806.0,0.818,109788.0,2.94983,109807.0,0.37307,109787.0,1.82498,109808.0,0.00352,109786.0,0.35818,109809.0,4.55637,109785.0,0.09407,109810.0,0.73247,109784.0,0.93078,109811.0,0.00352,109783.0,3.04139,109812.0,0.00352,109782.0,0.44939,109813.0,0.94033,109781.0,2.74285,109814.0,0.00352,109780.0,0.2741,109815.0,0.16755,109779.0,3.57316,109816.0,1.06052,109778.0,2.99914,109817.0,2.82557
1757015264.5600994,1757015264195,1757015264195,109797.0,3.46529,109798.0,3.38622,109795.0,0.53595,109799.0,0.00221,109794.0,2.82313,109800.0,0.36435,109793.0,1.13851,109801.0,2.09975,109792.0,0.54993,109802.0,0.59543,109791.0,0.96971,109803.0,5.48802,109790.0,1.92242,109804.0,0.85376,109789.0,2.52334,109805.0,1.30426,109788.0,3.87026,109806.0,0.82141,109787.0,1.87052,109807.0,0.13776,109786.0,0.67693,109808.0,0.00352,109785.0,3.85314,109809.0,4.87506,109784.0,0.93078,109810.0,0.02913,109783.0,0.00352,109811.0,0.00352,109782.0,0.44939,109812.0,0.00352,109781.0,2.74285,109813.0,0.94033,109780.0,2.90215,109814.0,0.00352,109779.0,3.34555,109815.0,0.43795,109778.0,3.13576,109816.0,3.05822,109777.0,0.67101,109817.0,3.13961
1757015266.9393709,1757015264947,1757015264947,109797.0,3.46386,109798.0,2.34432,109796.0,0.63199,109799.0,0.00011,109795.0,0.3584,109800.0,1.09287,109794.0,4.11128,109801.0,2.09975,109793.0,1.00191,109802.0,0.04905,109792.0,0.59547,109803.0,4.12211,109791.0,0.96971,109804.0,2.76602,109790.0,2.31355,109805.0,1.78401,109789.0,2.45264,109806.0,0.82141,109788.0,3.87026,109807.0,0.1913,109787.0,1.82498,109808.0,0.00352,109786.0,2.04304,109809.0,4.64736,109785.0,3.85314,109810.0,0.03749,109784.0,0.93078,109811.0,0.00352,109783.0,0.00352,109812.0,0.41806,109782.0,0.44939,109813.0,0.94033,109781.0,2.83384,109814.0,0.00352,109780.0,2.81116,109815.0,0.37421,109779.0,3.34555,109816.0,1.06052,109778.0,1.76955,109817.0,2.82557
1757015268.2968988,1757015266037,1757015266037,109797.0,4.54602,109798.0,2.76433,109796.0,0.00011,109799.0,0.04774,109795.0,0.04144,109800.0,0.04564,109794.0,0.13671,109801.0,0.00352,109793.0,1.63931,109802.0,3.32726,109792.0,2.73559,109803.0,2.75619,109791.0,2.78861,109804.0,0.80822,109790.0,0.14906,109805.0,1.78401,109789.0,0.04906,109806.0,0.82141,109788.0,1.13808,109807.0,0.58914,109787.0,1.82498,109808.0,0.00352,109786.0,0.35818,109809.0,4.55637,109785.0,6.58537,109810.0,0.03749,109784.0,0.93078,109811.0,0.00352,109783.0,0.00352,109812.0,0.41806,109782.0,1.81554,109813.0,0.94033,109781.0,2.74285,109814.0,0.00352,109780.0,2.90215,109815.0,0.43795,109779.0,3.48217,109816.0,1.37919,109778.0,1.63293,109817.0,2.82557
1757015268.4576273,1757015266470,1757015266470,109797.0,6.80978,109798.0,1.86658,109796.0,0.00011,109799.0,0.04774,109795.0,0.04144,109800.0,0.04564,109794.0,0.13671,109801.0,0.91415,109793.0,1.0929,109802.0,5.01189,109792.0,2.78113,109803.0,2.75619,109791.0,3.33502,109804.0,0.80822,109790.0,0.14906,109805.0,1.78618,109789.0,0.04906,109806.0,0.81924,109788.0,1.13808,109807.0,0.58914,109787.0,3.37916,109808.0,0.00352,109786.0,0.35818,109809.0,4.55637,109785.0,6.58537,109810.0,0.03749,109784.0,2.03192,109811.0,0.00352,109783.0,0.00352,109812.0,0.41806,109782.0,1.81554,109813.0,0.94033,109781.0,4.01541,109814.0,0.00352,109780.0,2.90215,109815.0,0.43795,109779.0,3.36193,109816.0,1.37919,109778.0,1.63293,109817.0,2.82557
1757015268.6106,1757015267277,1757015267277,109797.0,3.35924,109798.0,5.7845,109796.0,0.00011,109799.0,0.5499,109795.0,0.04144,109800.0,0.00352,109794.0,0.00011,109801.0,1.36944,109793.0,0.45892,109802.0,0.59541,109792.0,0.04906,109803.0,1.39028,109791.0,0.59569,109804.0,2.92295,109790.0,0.10352,109805.0,0.12991,109789.0,0.54994,109806.0,0.81924,109788.0,0.21765,109807.0,0.49815,109787.0,5.79259,109808.0,0.00352,109786.0,0.35818,109809.0,1.82469,109785.0,0.09407,109810.0,0.03749,109784.0,2.03192,109811.0,0.00352,109783.0,0.00352,109812.0,0.00352,109782.0,1.36967,109813.0,0.94033,109781.0,4.01541,109814.0,0.00352,109780.0,2.81116,109815.0,0.16755,109779.0,3.36193,109816.0,2.19588,109778.0,1.63293,109817.0,2.82557
1757015268.698258,1757015267420,1757015267420,109797.0,1.99327,109798.0,7.69701,109796.0,0.00011,109799.0,0.00352,109795.0,0.9555,109800.0,0.54989,109794.0,0.00352,109801.0,0.00011,109793.0,1.82494,109802.0,0.04564,109792.0,0.00011,109803.0,1.48127,109791.0,0.00033,109804.0,2.92295,109790.0,0.10011,109805.0,0.12991,109789.0,0.77412,109806.0,0.81924,109788.0,0.21765,109807.0,0.49815,109787.0,6.33902,109808.0,0.00352,109786.0,0.35818,109809.0,1.82469,109785.0,0.09407,109810.0,0.03749,109784.0,2.03192,109811.0,1.91564,109783.0,0.00352,109812.0,0.00352,109782.0,2.73582,109813.0,0.94033,109781.0,4.04277,109814.0,0.00352,109780.0,0.2741,109815.0,0.16755,109779.0,0.80001,109816.0,2.19588,109778.0,2.31684,109817.0,2.82557
1757015268.7764132,1757015267590,1757015267590,109797.0,0.62768,109798.0,7.74564,109796.0,0.00011,109799.0,0.00352,109795.0,0.04485,109800.0,0.54989,109794.0,0.91407,109801.0,1.82134,109793.0,0.45892,109802.0,0.04564,109792.0,1.36613,109803.0,1.48127,109791.0,0.00033,109804.0,2.92295,109790.0,0.10011,109805.0,0.12991,109789.0,0.77412,109806.0,0.81924,109788.0,1.13808,109807.0,0.49815,109787.0,5.79259,109808.0,0.92395,109786.0,0.35818,109809.0,0.00352,109785.0,0.64051,109810.0,0.03749,109784.0,2.03192,109811.0,1.91564,109783.0,2.59615,109812.0,0.00352,109782.0,2.73582,109813.0,0.94033,109781.0,4.04277,109814.0,0.00352,109780.0,0.2741,109815.0,0.16755,109779.0,0.80001,109816.0,2.19588,109778.0,2.31684,109817.0,2.82557
1757015268.8009567,1757015267993,1757015267993,109797.0,0.57705,109798.0,8.10989,109796.0,0.00011,109799.0,0.00352,109795.0,0.95551,109800.0,3.11355,109794.0,0.00341,109801.0,1.86687,109793.0,0.45892,109802.0,0.04564,109792.0,0.00011,109803.0,1.48127,109791.0,0.00033,109804.0,2.92295,109790.0,1.60274,109805.0,0.12991,109789.0,0.63752,109806.0,0.13694,109788.0,1.13808,109807.0,0.49815,109787.0,3.97113,109808.0,0.92395,109786.0,0.40372,109809.0,0.32221,109785.0,2.50495,109810.0,2.7572,109784.0,2.03192,109811.0,2.00672,109783.0,4.41765,109812.0,0.00352,109782.0,0.00352,109813.0,1.11151,109781.0,4.36154,109814.0,1.82242,109780.0,0.2741,109815.0,0.10381,109779.0,4.89693,109816.0,2.19588,109778.0,2.29016,109817.0,3.04404
1757015268.9992712,1757015268513,1757015268513,109797.0,0.83933,109798.0,8.84006,109796.0,1.82141,109799.0,2.87813,109795.0,0.04485,109800.0,1.24142,109794.0,0.00341,109801.0,1.86687,109793.0,0.45892,109802.0,0.04564,109792.0,1.36614,109803.0,1.29974,109791.0,1.01175,109804.0,2.92295,109790.0,0.23671,109805.0,1.36569,109789.0,0.54653,109806.0,0.13694,109788.0,1.13808,109807.0,0.18894,109787.0,3.97113,109808.0,0.92395,109786.0,0.40372,109809.0,0.32221,109785.0,4.96323,109810.0,3.23163,109784.0,2.03192,109811.0,2.00672,109783.0,4.46319,109812.0,0.06727,109782.0,0.00352,109813.0,0.94033,109781.0,4.36154,109814.0,1.82242,109780.0,3.26363,109815.0,0.10381,109779.0,3.39577,109816.0,2.19588,109778.0,2.38115,109817.0,2.82557
1757015269.4543798,1757015269029,1757015269029,109797.0,1.84093,109798.0,7.09597,109796.0,0.00011,109799.0,4.24068,109795.0,0.04155,109800.0,0.55912,109794.0,1.45699,109801.0,0.04905,109793.0,0.45551,109802.0,0.04905,109792.0,0.13671,109803.0,1.29974,109791.0,1.78902,109804.0,4.74415,109790.0,2.83223,109805.0,1.3456,109789.0,0.00011,109806.0,0.13694,109788.0,2.08082,109807.0,0.34879,109787.0,1.35539,109808.0,0.00352,109786.0,0.35818,109809.0,0.32221,109785.0,4.37125,109810.0,1.41273,109784.0,4.76419,109811.0,0.64092,109783.0,1.87056,109812.0,0.06727,109782.0,0.00352,109813.0,0.94033,109781.0,4.04277,109814.0,0.00352,109780.0,3.35462,109815.0,1.46958,109779.0,3.15488,109816.0,2.19588,109778.0,2.29016,109817.0,2.95305
1757015270.071255,1757015269544,1757015269544,109797.0,3.18995,109798.0,2.48722,109796.0,0.00011,109799.0,2.32223,109795.0,0.17814,109800.0,0.01275,109794.0,0.26714,109801.0,0.04905,109793.0,3.18754,109802.0,3.87362,109792.0,0.31924,109803.0,2.66564,109791.0,2.74214,109804.0,2.92295,109790.0,2.83223,109805.0,0.38209,109789.0,3.86553,109806.0,0.13694,109788.0,1.53439,109807.0,0.2578,109787.0,1.30985,109808.0,4.55636,109786.0,0.75356,109809.0,0.4132,109785.0,5.73737,109810.0,0.9383,109784.0,4.76419,109811.0,0.09451,109783.0,1.82502,109812.0,0.06727,109782.0,0.00352,109813.0,0.0199,109781.0,4.04277,109814.0,1.82242,109780.0,0.2741,109815.0,1.46958,109779.0,3.29149,109816.0,0.54981,109778.0,5.70489,109817.0,3.43906
1757015270.793241,1757015270310,1757015270310,109797.0,19.25374,109798.0,0.20847,109796.0,4.26227,109799.0,0.00011,109795.0,3.13838,109800.0,0.00011,109794.0,0.27064,109801.0,0.00011,109793.0,0.04906,109802.0,0.00011,109792.0,0.68582,109803.0,0.00011,109791.0,1.06077,109804.0,0.00011,109790.0,3.40918,109805.0,0.00228,109789.0,2.20614,109806.0,0.00011,109788.0,2.54969,109807.0,0.00011,109787.0,0.00352,109808.0,0.00011,109786.0,3.09038,109809.0,0.94688,109785.0,3.98801,109810.0,0.13669,109784.0,1.05178,109811.0,0.00352,109783.0,0.11089,109812.0,0.04905,109782.0,2.45374,109813.0,1.91219,109781.0,3.21863,109814.0,3.64495,109780.0,3.10212,109815.0,0.01275,109779.0,0.64702,109816.0,0.09451,109778.0,3.3285,109817.0,0.03883
1757015271.0676186,1757015270637,1757015270637,109797.0,21.1583,109798.0,0.20847,109796.0,4.26227,109799.0,0.00011,109795.0,3.70793,109800.0,0.00011,109794.0,0.27064,109801.0,0.00011,109793.0,0.59546,109802.0,0.00011,109792.0,0.68582,109803.0,0.00011,109791.0,1.04517,109804.0,0.00011,109790.0,3.41861,109805.0,0.00228,109789.0,2.20614,109806.0,0.00011,109788.0,1.13808,109807.0,0.00011,109787.0,0.00352,109808.0,0.00011,109786.0,0.35818,109809.0,0.00011,109785.0,3.89743,109810.0,0.00011,109784.0,1.05178,109811.0,0.00352,109783.0,0.11089,109812.0,0.04905,109782.0,2.45374,109813.0,0.00011,109781.0,5.49557,109814.0,0.02671,109780.0,3.10212,109815.0,0.01275,109779.0,0.64702,109816.0,0.14009,109778.0,3.3285,109817.0,0.914
1757015271.6539013,1757015271285,1757015271285,109798.0,17.74362,109799.0,0.00011,109797.0,24.52544,109800.0,0.00011,109796.0,3.0068,109801.0,0.00011,109795.0,3.16153,109802.0,0.00011,109794.0,0.00341,109803.0,0.00011,109793.0,0.59546,109804.0,0.00011,109792.0,0.73136,109805.0,0.00011,109791.0,1.04517,109806.0,0.00228,109790.0,2.35886,109807.0,0.00011,109789.0,2.18311,109808.0,0.00011,109788.0,1.13808,109809.0,0.00011,109787.0,0.00352,109810.0,0.00011,109786.0,0.00397,109811.0,0.00011,109785.0,3.89743,109812.0,0.00011,109784.0,0.93078,109813.0,0.00011,109783.0,0.09451,109814.0,0.00011,109782.0,0.00352,109815.0,0.00011,109781.0,5.01979,109816.0,0.13668,109780.0,5.28197,109817.0,1.87002,109779.0,3.25343,109818.0,0.00352
1757015272.2495365,1757015271798,1757015271798,109798.0,33.85112,109801.0,0.00011,109797.0,13.94656,109809.0,0.00011,109796.0,2.08372,109810.0,0.00011,109795.0,3.16698,109811.0,0.00228,109794.0,0.00341,109812.0,0.00011,109793.0,0.19906,109813.0,0.00011,109792.0,0.00352,109814.0,0.00011,109791.0,1.10893,109815.0,0.00011,109790.0,2.35886,109816.0,0.13668,109789.0,2.15657,109817.0,0.00011,109788.0,0.92395,109818.0,0.00352,109787.0,0.00352,109819.0,0.99573,109786.0,0.13149,109820.0,0.01275,109785.0,3.89743,109821.0,3.0769,109784.0,1.02177,109822.0,2.44124,109783.0,0.00352,109823.0,1.46022,109782.0,0.00352,109824.0,0.20819,109781.0,5.11088,109825.0,0.05395,109780.0,6.20066,109826.0,0.08552,109779.0,3.25343,109827.0,1.87112
1757015272.8312116,1757015272258,1757015272258,109808.0,16.60498,109809.0,0.00011,109807.0,6.34297,109810.0,0.00011,109806.0,6.46509,109811.0,0.00228,109805.0,4.74244,109812.0,0.00011,109804.0,6.92265,109813.0,0.00011,109803.0,4.91478,109814.0,0.00011,109802.0,5.45225,109815.0,0.00011,109801.0,3.81097,109816.0,0.00011,109800.0,24.10855,109817.0,0.13668,109799.0,11.60209,109818.0,0.00011,109798.0,19.45936,109819.0,0.08526,109797.0,4.91488,109820.0,0.05827,109796.0,0.96293,109821.0,0.34555,109795.0,3.12145,109822.0,2.25916,109794.0,0.00341,109823.0,0.00352,109793.0,0.15352,109824.0,2.93946,109792.0,0.00352,109825.0,1.14646,109791.0,1.10893,109826.0,1.45114,109790.0,2.35886,109827.0,1.87112,109789.0,2.368,109828.0,0.11324
1757015273.1424396,1757015272788,1757015272788,109810.0,20.13362,109811.0,0.00217,109809.0,21.43264,109816.0,0.91049,109808.0,19.14697,109817.0,0.13998,109807.0,1.32639,109818.0,0.04904,109806.0,1.28674,109819.0,0.63154,109805.0,4.16662,109820.0,2.78966,109804.0,3.3248,109821.0,1.93884,109803.0,1.60116,109822.0,1.79252,109802.0,0.92384,109823.0,0.54978,109801.0,0.00341,109824.0,0.29924,109800.0,2.95314,109825.0,1.46112,109799.0,0.00341,109826.0,2.81676,109798.0,2.2022,109827.0,0.09472,109797.0,4.38304,109828.0,0.11324,109796.0,3.29118,109829.0,1.22237,109795.0,3.08523,109830.0,1.59141,109794.0,0.55013,109831.0,2.79836,109793.0,0.15352,109832.0,2.66816,109792.0,0.60623,109833.0,4.38377,109791.0,1.29078,109834.0,0.65063
1757015273.5888894,1757015273295,1757015273295,109810.0,24.07211,109811.0,0.00228,109809.0,15.97126,109812.0,0.00011,109808.0,12.77596,109813.0,0.00011,109807.0,0.3888,109814.0,0.00352,109806.0,0.04894,109815.0,0.00352,109805.0,6.70718,109816.0,0.91402,109804.0,1.82253,109817.0,2.86815,109803.0,0.42356,109818.0,0.49934,109802.0,0.92384,109819.0,2.54012,109801.0,0.07388,109820.0,0.01275,109800.0,4.92312,109821.0,0.02689,109799.0,4.60421,109822.0,1.79252,109798.0,2.37658,109823.0,0.00352,109797.0,4.38304,109824.0,2.1201,109796.0,0.01284,109825.0,1.46112,109795.0,3.08523,109826.0,2.90775,109794.0,0.54991,109827.0,0.09472,109793.0,0.882,109828.0,0.11324,109792.0,3.37446,109829.0,1.22237,109791.0,1.19979,109830.0,1.50042
1757015274.1756818,1757015273902,1757015273902,109810.0,22.51217,109811.0,0.20217,109809.0,11.63667,109816.0,0.95614,109808.0,4.37552,109817.0,2.95931,109807.0,0.3888,109818.0,1.04563,109806.0,0.04894,109819.0,0.62813,109805.0,5.5589,109820.0,1.37844,109804.0,1.82253,109821.0,1.09381,109803.0,0.42356,109822.0,1.76964,109802.0,0.92384,109823.0,0.00352,109801.0,0.3049,109824.0,0.29924,109800.0,4.92312,109825.0,2.17585,109799.0,4.60421,109826.0,2.90775,109798.0,2.37658,109827.0,0.09472,109797.0,3.66568,109828.0,1.93407,109796.0,0.01284,109829.0,1.22237,109795.0,2.77145,109830.0,1.50042,109794.0,2.29734,109831.0,0.06725,109793.0,0.79101,109832.0,5.13393,109792.0,2.99943,109833.0,1.61379,109791.0,1.19979,109834.0,2.01615
1757015274.712148,1757015274409,1757015274409,109810.0,23.99345,109811.0,0.20217,109809.0,10.87311,109816.0,0.00011,109808.0,4.46533,109817.0,0.22785,109807.0,0.79857,109818.0,0.18067,109806.0,0.04894,109819.0,2.76775,109805.0,5.56624,109820.0,0.55903,109804.0,1.82253,109821.0,0.57316,109803.0,0.42356,109822.0,1.76964,109802.0,0.92384,109823.0,0.00352,109801.0,0.3049,109824.0,0.29924,109800.0,4.92312,109825.0,2.17585,109799.0,4.60421,109826.0,2.90775,109798.0,2.40377,109827.0,0.09472,109797.0,3.48957,109828.0,1.93407,109796.0,0.01284,109829.0,1.22237,109795.0,2.77145,109830.0,1.50042,109794.0,2.29734,109831.0,0.06725,109793.0,0.79101,109832.0,5.13393,109792.0,2.99943,109833.0,1.61379,109791.0,1.19979,109834.0,2.01615
1757015275.2386954,1757015274937,1757015274937,109810.0,23.30566,109811.0,0.19572,109809.0,11.31484,109816.0,0.95613,109808.0,3.99346,109817.0,0.27555,109807.0,0.3888,109818.0,0.68143,109806.0,0.13993,109819.0,2.76775,109805.0,5.56624,109820.0,0.01275,109804.0,1.8247,109821.0,0.57316,109803.0,0.51463,109822.0,1.76964,109802.0,0.92384,109823.0,0.00352,109801.0,0.3049,109824.0,0.29924,109800.0,2.37773,109825.0,2.17585,109799.0,4.60421,109826.0,2.90775,109798.0,2.22939,109827.0,0.09472,109797.0,3.48957,109828.0,1.93407,109796.0,0.01284,109829.0,1.22237,109795.0,2.7483,109830.0,1.50042,109794.0,2.20635,109831.0,0.06725,109793.0,0.79101,109832.0,4.77987,109792.0,3.09042,109833.0,1.61379,109791.0,1.19979,109834.0,2.01615
1757015275.9995706,1757015275581,1757015275581,109810.0,25.48713,109811.0,0.19561,109809.0,10.72293,109816.0,0.00011,109808.0,3.5382,109817.0,0.23002,109807.0,2.03749,109818.0,0.13515,109806.0,0.13993,109819.0,0.03633,109805.0,5.56624,109820.0,0.01275,109804.0,3.03029,109821.0,5.21655,109803.0,0.42356,109822.0,1.76964,109802.0,0.92384,109823.0,0.54979,109801.0,0.3049,109824.0,0.20819,109800.0,2.37773,109825.0,5.45339,109799.0,4.60421,109826.0,2.81676,109798.0,2.22939,109827.0,0.09472,109797.0,3.48957,109828.0,0.20423,109796.0,0.10383,109829.0,1.22237,109795.0,2.7483,109830.0,0.57999,109794.0,2.20635,109831.0,0.06725,109793.0,0.79101,109832.0,4.85149,109792.0,2.99943,109833.0,0.69336,109791.0,1.19979,109834.0,2.01615
1757015276.4459627,1757015276021,1757015276021,109810.0,30.7932,109811.0,0.19561,109809.0,10.71771,109816.0,0.00011,109808.0,3.06734,109817.0,0.00011,109807.0,2.65229,109818.0,0.02016,109806.0,0.04894,109819.0,0.00011,109805.0,3.38085,109820.0,0.00011,109804.0,3.03029,109821.0,0.16562,109803.0,0.57653,109822.0,0.44733,109802.0,0.94811,109823.0,0.00352,109801.0,0.3049,109824.0,0.23974,109800.0,7.57833,109825.0,0.01295,109799.0,3.78466,109826.0,0.00352,109798.0,2.00448,109827.0,1.46033,109797.0,3.48957,109828.0,3.39068,109796.0,0.10383,109829.0,1.63205,109795.0,2.7483,109830.0,0.55461,109794.0,1.65996,109831.0,1.3691,109793.0,0.0946,109832.0,4.48106,109792.0,0.0946,109833.0,0.69336,109791.0,1.13603,109834.0,3.66214
1757015276.9243927,1757015276522,1757015276522,109810.0,30.89012,109811.0,0.19561,109809.0,9.89433,109816.0,0.00011,109808.0,2.97627,109817.0,0.00011,109807.0,2.65229,109818.0,0.00011,109806.0,0.06532,109819.0,0.00011,109805.0,1.5361,109820.0,0.00352,109804.0,3.02812,109821.0,0.16221,109803.0,1.12289,109822.0,0.08944,109802.0,0.97496,109823.0,0.02154,109801.0,0.21217,109824.0,0.23633,109800.0,7.57833,109825.0,0.01295,109799.0,0.00386,109826.0,0.00352,109798.0,2.00448,109827.0,2.99697,109797.0,1.04386,109828.0,3.32196,109796.0,0.10383,109829.0,4.31985,109795.0,2.7483,109830.0,0.14499,109794.0,0.00352,109831.0,0.00352,109793.0,0.0946,109832.0,0.19456,109792.0,2.37134,109833.0,1.02636,109791.0,1.01503,109834.0,3.66214
1757015277.4642632,1757015277025,1757015277025,109810.0,30.89229,109811.0,0.19561,109809.0,10.61164,109816.0,0.00011,109808.0,2.97627,109817.0,0.00011,109807.0,2.65229,109818.0,0.00011,109806.0,0.06532,109819.0,0.00011,109805.0,5.26538,109820.0,0.00352,109804.0,3.02812,109821.0,0.16345,109803.0,3.79372,109822.0,0.09285,109802.0,0.97496,109823.0,0.02495,109801.0,0.21217,109824.0,0.28526,109800.0,7.57833,109825.0,0.06064,109799.0,1.91059,109826.0,0.00352,109798.0,2.00448,109827.0,2.08655,109797.0,1.01937,109828.0,3.32196,109796.0,0.10383,109829.0,2.95427,109795.0,2.81206,109830.0,0.05395,109794.0,0.00352,109831.0,0.06725,109793.0,2.72935,109832.0,0.19456,109792.0,2.37134,109833.0,3.99089,109791.0,1.01503,109834.0,3.75313
1757015278.058842,1757015277627,1757015277627,109810.0,30.69478,109811.0,0.19561,109809.0,10.70271,109816.0,0.00011,109808.0,2.97627,109817.0,0.00011,109807.0,2.65229,109818.0,0.00011,109806.0,0.06532,109819.0,0.00011,109805.0,4.71903,109820.0,0.11851,109804.0,3.02812,109821.0,0.16345,109803.0,3.02736,109822.0,0.09285,109802.0,0.97496,109823.0,0.02495,109801.0,0.75854,109824.0,1.19569,109800.0,7.57833,109825.0,0.06064,109799.0,1.91059,109826.0,0.54977,109798.0,2.00448,109827.0,2.63279,109797.0,1.01937,109828.0,0.59076,109796.0,0.01284,109829.0,2.40804,109795.0,2.90305,109830.0,0.05395,109794.0,0.00352,109831.0,0.06725,109793.0,2.72935,109832.0,0.19456,109792.0,2.37134,109833.0,4.12744,109791.0,1.01503,109834.0,3.75313
1757015278.6188965,1757015278202,1757015278202,109810.0,26.66417,109811.0,0.19561,109809.0,10.70271,109816.0,0.00011,109808.0,2.97627,109817.0,0.00011,109807.0,5.38398,109818.0,0.13668,109806.0,1.43117,109819.0,0.95611,109805.0,4.71903,109820.0,0.11851,109804.0,3.02812,109821.0,2.75828,109803.0,0.53865,109822.0,0.68464,109802.0,0.97496,109823.0,2.25554,109801.0,0.21217,109824.0,0.35603,109800.0,4.84645,109825.0,0.01512,109799.0,1.91059,109826.0,0.00352,109798.0,2.00448,109827.0,0.9195,109797.0,2.11213,109828.0,0.04452,109796.0,2.74481,109829.0,2.40804,109795.0,2.93903,109830.0,2.7851,109794.0,0.00352,109831.0,0.47688,109793.0,0.0946,109832.0,0.19456,109792.0,0.0946,109833.0,4.12744,109791.0,1.01503,109834.0,3.66214
1757015279.1136396,1757015278725,1757015278725,109810.0,26.5934,109811.0,0.19561,109809.0,10.61164,109816.0,0.00011,109808.0,2.97627,109817.0,0.9106,109807.0,5.47505,109818.0,0.13668,109806.0,0.06532,109819.0,0.04563,109805.0,4.71903,109820.0,0.11851,109804.0,3.02812,109821.0,4.67024,109803.0,0.53865,109822.0,0.68464,109802.0,2.34087,109823.0,0.02495,109801.0,0.21217,109824.0,0.23974,109800.0,4.84645,109825.0,0.01512,109799.0,2.84852,109826.0,0.00352,109798.0,2.00448,109827.0,1.46049,109797.0,2.11213,109828.0,0.04452,109796.0,2.74481,109829.0,2.40804,109795.0,2.93903,109830.0,2.7851,109794.0,0.00352,109831.0,0.47688,109793.0,0.0946,109832.0,0.19456,109792.0,0.61238,109833.0,4.12744,109791.0,1.01503,109834.0,3.66214
1757015279.5310848,1757015279257,1757015279257,109810.0,26.58504,109811.0,0.18652,109809.0,10.61164,109816.0,0.00011,109808.0,2.97627,109817.0,0.9106,109807.0,5.47505,109818.0,0.13668,109806.0,0.06532,109819.0,0.00011,109805.0,4.71903,109820.0,0.16403,109804.0,3.02812,109821.0,5.2165,109803.0,0.53865,109822.0,0.45704,109802.0,2.34087,109823.0,0.02495,109801.0,0.21217,109824.0,0.23974,109800.0,4.84645,109825.0,0.01512,109799.0,2.84852,109826.0,0.00352,109798.0,2.00448,109827.0,1.46049,109797.0,2.11213,109828.0,0.04452,109796.0,2.8358,109829.0,2.40804,109795.0,2.84804,109830.0,2.7851,109794.0,0.00352,109831.0,0.47688,109793.0,0.0946,109832.0,0.19456,109792.0,0.61238,109833.0,4.12744,109791.0,1.01503,109834.0,3.66214
1757015280.112626,1757015279782,1757015279782,109810.0,30.88357,109811.0,0.18652,109809.0,10.61164,109812.0,0.0021,109808.0,2.97627,109816.0,0.00011,109807.0,2.971,109817.0,0.00011,109806.0,0.06532,109818.0,0.00011,109805.0,4.71903,109819.0,0.13668,109804.0,6.44221,109820.0,0.11851,109803.0,3.28456,109821.0,0.02689,109802.0,0.97496,109822.0,0.09285,109801.0,0.75854,109823.0,0.02495,109800.0,4.84645,109824.0,0.23974,109799.0,2.84852,109825.0,0.92554,109798.0,1.32218,109826.0,0.32217,109797.0,1.01937,109827.0,1.46049,109796.0,0.10383,109828.0,3.32198,109795.0,2.7483,109829.0,2.40804,109794.0,0.00352,109830.0,1.96577,109793.0,0.0946,109831.0,0.41315,109792.0,0.61238,109832.0,0.19456,109791.0,3.2918,109833.0,6.72198
1757015280.9732993,1757015280405,1757015280405,109810.0,30.89193,109811.0,0.18652,109809.0,10.61164,109816.0,0.00011,109808.0,2.97627,109817.0,0.00011,109807.0,2.7006,109818.0,0.00011,109806.0,0.06532,109819.0,0.13668,109805.0,4.71903,109820.0,0.11851,109804.0,3.71042,109821.0,0.02689,109803.0,3.28456,109822.0,0.13837,109802.0,0.97496,109823.0,1.05164,109801.0,0.75854,109824.0,0.28526,109800.0,7.57833,109825.0,2.7464,109799.0,1.91059,109826.0,0.4941,109798.0,1.32218,109827.0,2.31241,109797.0,1.01937,109828.0,2.5026,109796.0,0.01284,109829.0,2.40804,109795.0,2.81206,109830.0,0.05395,109794.0,0.09721,109831.0,0.47688,109793.0,0.0946,109832.0,0.19456,109792.0,1.19243,109833.0,4.12744,109791.0,3.2918,109834.0,3.39174
1757015281.2630422,1757015280969,1757015280969,109810.0,26.48326,109811.0,0.18652,109809.0,10.29303,109816.0,0.00011,109808.0,1.15737,109817.0,0.00011,109807.0,2.47288,109818.0,0.00011,109806.0,0.06532,109819.0,4.32485,109805.0,4.71903,109820.0,0.11851,109804.0,5.75989,109821.0,1.39258,109803.0,0.21979,109822.0,0.63912,109802.0,2.34087,109823.0,0.09567,109801.0,0.21217,109824.0,0.23974,109800.0,4.84645,109825.0,2.74639,109799.0,1.774,109826.0,2.26941,109798.0,1.86845,109827.0,0.00367,109797.0,1.01937,109828.0,0.04452,109796.0,2.8814,109829.0,2.49903,109795.0,2.78362,109830.0,0.05395,109794.0,0.64361,109831.0,0.00352,109793.0,0.0946,109832.0,0.19456,109792.0,1.19243,109833.0,4.12744,109791.0,1.01503,109834.0,1.84146
1757015281.858576,1757015281450,1757015281450,109810.0,28.32349,109811.0,0.18652,109809.0,10.00958,109816.0,0.04564,109808.0,1.15737,109817.0,0.04564,109807.0,2.47288,109818.0,0.00011,109806.0,0.06532,109819.0,4.32485,109805.0,4.71903,109820.0,0.43718,109804.0,5.75989,109821.0,1.39258,109803.0,0.21979,109822.0,0.54979,109802.0,2.34087,109823.0,0.09567,109801.0,0.62196,109824.0,0.23974,109800.0,4.84645,109825.0,2.74639,109799.0,1.774,109826.0,2.26941,109798.0,2.55075,109827.0,0.32232,109797.0,1.01937,109828.0,0.04452,109796.0,0.21318,109829.0,2.40804,109795.0,2.87461,109830.0,0.14494,109794.0,0.55262,109831.0,0.06725,109793.0,0.0946,109832.0,0.19456,109792.0,2.82667,109833.0,4.12744,109791.0,1.01503,109834.0,1.84146
1757015282.3275497,1757015281973,1757015281973,109810.0,28.17922,109811.0,0.18652,109809.0,10.00958,109815.0,0.13657,109808.0,1.15737,109816.0,0.00011,109807.0,2.38189,109817.0,0.00011,109806.0,0.06532,109818.0,0.00011,109805.0,4.71903,109819.0,3.73506,109804.0,5.75989,109820.0,0.66478,109803.0,2.74581,109821.0,1.39258,109802.0,2.34087,109822.0,0.54979,109801.0,0.62196,109823.0,0.09567,109800.0,4.84645,109824.0,0.23974,109799.0,1.774,109825.0,4.20756,109798.0,2.55075,109826.0,2.26941,109797.0,1.01937,109827.0,0.32232,109796.0,0.21318,109828.0,0.04452,109795.0,2.78362,109829.0,2.40804,109794.0,0.55262,109830.0,0.14494,109793.0,1.42212,109831.0,0.06725,109792.0,2.82667,109832.0,0.19456,109791.0,1.01503,109833.0,4.12744
1757015282.8851728,1757015282579,1757015282579,109810.0,32.71268,109811.0,0.18176,109809.0,10.00958,109816.0,0.00011,109808.0,1.24844,109817.0,0.00011,109807.0,2.38189,109818.0,0.13668,109806.0,0.06532,109819.0,0.09317,109805.0,4.71903,109820.0,0.11851,109804.0,3.02812,109821.0,0.02689,109803.0,2.74581,109822.0,0.00352,109802.0,1.52132,109823.0,0.09567,109801.0,2.94403,109824.0,0.28526,109800.0,2.92407,109825.0,0.92554,109799.0,1.774,109826.0,0.44858,109798.0,2.00437,109827.0,0.00367,109797.0,1.01937,109828.0,3.32198,109796.0,0.24042,109829.0,3.77362,109795.0,2.7483,109830.0,0.69117,109794.0,0.00622,109831.0,0.00352,109793.0,1.42212,109832.0,0.33111,109792.0,0.0946,109833.0,3.65789,109791.0,1.01503,109834.0,3.39176
1757015283.4746337,1757015283107,1757015283107,109810.0,32.8128,109811.0,0.18176,109809.0,12.45998,109812.0,0.0021,109808.0,1.15737,109816.0,0.00011,109807.0,2.38189,109817.0,0.00011,109806.0,0.06532,109818.0,0.13668,109805.0,5.03774,109819.0,0.09317,109804.0,3.71042,109820.0,0.11851,109803.0,2.74581,109821.0,0.02689,109802.0,1.52132,109822.0,0.00352,109801.0,2.94403,109823.0,0.02495,109800.0,2.92407,109824.0,0.28526,109799.0,1.774,109825.0,0.01512,109798.0,1.32207,109826.0,0.44858,109797.0,1.01937,109827.0,0.91408,109796.0,0.30417,109828.0,0.04452,109795.0,2.7483,109829.0,5.68546,109794.0,0.00622,109830.0,0.05395,109793.0,1.42212,109831.0,1.97906,109792.0,0.0946,109832.0,0.33111,109791.0,3.2918,109833.0,4.40051
1757015283.9374254,1757015283635,1757015283635,109810.0,32.75767,109811.0,0.18176,109809.0,12.55105,109812.0,0.0021,109808.0,1.15737,109816.0,0.00011,109807.0,2.38189,109817.0,0.00011,109806.0,0.61166,109818.0,0.13668,109805.0,5.03774,109819.0,0.09317,109804.0,3.73449,109820.0,0.11851,109803.0,2.74581,109821.0,0.09759,109802.0,1.52132,109822.0,0.04904,109801.0,2.94403,109823.0,0.02495,109800.0,2.3777,109824.0,0.23974,109799.0,1.774,109825.0,0.92554,109798.0,1.32207,109826.0,0.44858,109797.0,1.01937,109827.0,0.00367,109796.0,0.30417,109828.0,2.31258,109795.0,2.7483,109829.0,5.68546,109794.0,0.00622,109830.0,1.51052,109793.0,1.42212,109831.0,0.06725,109792.0,0.0946,109832.0,0.33111,109791.0,3.2918,109833.0,1.34499
1757015284.5022953,1757015284151,1757015284151,109810.0,32.72173,109811.0,0.18142,109809.0,12.45998,109816.0,0.00011,109808.0,1.15737,109817.0,0.00011,109807.0,2.47296,109818.0,0.13668,109806.0,0.61166,109819.0,0.09317,109805.0,5.03774,109820.0,0.11851,109804.0,3.73449,109821.0,0.14311,109803.0,2.74581,109822.0,0.04904,109802.0,1.49447,109823.0,0.38913,109801.0,2.94403,109824.0,0.23974,109800.0,2.3777,109825.0,0.01512,109799.0,1.774,109826.0,0.44858,109798.0,1.32207,109827.0,0.91409,109797.0,1.01937,109828.0,0.04452,109796.0,0.30417,109829.0,6.2317,109795.0,2.78418,109830.0,0.05395,109794.0,0.00622,109831.0,1.52381,109793.0,1.42212,109832.0,4.23461,109792.0,0.0946,109833.0,1.34499,109791.0,3.2918,109834.0,1.57106
1757015285.013046,1757015284693,1757015284693,109810.0,32.84735,109811.0,0.17721,109809.0,12.45998,109812.0,0.0021,109808.0,1.15737,109816.0,0.00011,109807.0,2.38189,109817.0,0.00011,109806.0,0.61166,109818.0,0.13668,109805.0,5.03774,109819.0,0.09317,109804.0,3.73449,109820.0,0.11851,109803.0,2.74581,109821.0,0.09759,109802.0,1.49447,109822.0,0.00352,109801.0,2.94403,109823.0,0.07047,109800.0,2.3777,109824.0,0.23974,109799.0,1.774,109825.0,0.01512,109798.0,1.32207,109826.0,0.44858,109797.0,1.01937,109827.0,0.00367,109796.0,0.30417,109828.0,0.95494,109795.0,2.7483,109829.0,5.68546,109794.0,0.00622,109830.0,0.60019,109793.0,1.42212,109831.0,1.52518,109792.0,0.0946,109832.0,4.23461,109791.0,3.2918,109833.0,1.34499
1757015285.9894114,1757015285423,1757015285423,109810.0,31.34741,109811.0,0.17721,109809.0,12.45998,109816.0,0.00011,109808.0,1.15737,109817.0,0.00011,109807.0,2.38189,109818.0,0.13668,109806.0,1.43117,109819.0,0.09317,109805.0,5.03774,109820.0,0.16403,109804.0,3.82556,109821.0,0.09759,109803.0,2.74581,109822.0,0.04904,109802.0,2.04083,109823.0,0.98091,109801.0,2.94403,109824.0,0.23974,109800.0,2.3777,109825.0,2.06357,109799.0,1.774,109826.0,1.81421,109798.0,1.32207,109827.0,2.7349,109797.0,1.01937,109828.0,0.04452,109796.0,0.30417,109829.0,2.40804,109795.0,2.7483,109830.0,0.05395,109794.0,0.00622,109831.0,2.89074,109793.0,1.42212,109832.0,4.23461,109792.0,0.0946,109833.0,1.34499,109791.0,1.01503,109834.0,1.57106
1757015286.2037396,1757015285803,1757015285803,109810.0,32.93011,109811.0,0.17721,109809.0,12.45998,109816.0,0.00011,109808.0,1.13874,109817.0,0.00011,109807.0,2.38189,109818.0,0.13668,109806.0,0.06532,109819.0,0.09317,109805.0,5.03774,109820.0,0.16403,109804.0,3.82556,109821.0,0.09759,109803.0,2.74581,109822.0,0.04904,109802.0,0.94811,109823.0,0.07047,109801.0,3.4904,109824.0,1.46884,109800.0,2.3777,109825.0,0.01512,109799.0,2.32038,109826.0,3.17984,109798.0,1.32207,109827.0,0.54991,109797.0,1.01937,109828.0,4.68759,109796.0,0.30417,109829.0,2.40804,109795.0,2.7483,109830.0,0.05395,109794.0,0.00622,109831.0,0.15961,109793.0,1.42212,109832.0,4.23461,109792.0,0.0946,109833.0,1.34499,109791.0,1.01503,109834.0,4.30211
1757015286.8524544,1757015286391,1757015286391,109810.0,40.39952,109811.0,0.17721,109809.0,12.16638,109816.0,0.00011,109808.0,1.22981,109817.0,0.00011,109807.0,2.38189,109818.0,0.00011,109806.0,0.06532,109819.0,0.00011,109805.0,5.03774,109820.0,0.00011,109804.0,3.05219,109821.0,0.00011,109803.0,2.72943,109822.0,0.00011,109802.0,1.0847,109823.0,0.00011,109801.0,2.48873,109824.0,0.00011,109800.0,2.3777,109825.0,0.00954,109799.0,1.774,109826.0,0.00011,109798.0,1.32207,109827.0,0.00228,109797.0,0.22115,109828.0,0.02148,109796.0,0.10383,109829.0,0.00011,109795.0,2.7483,109830.0,0.05054,109794.0,3.42126,109831.0,0.02362,109793.0,1.42212,109832.0,0.10011,109792.0,7.3389,109833.0,0.73546,109791.0,1.01503,109834.0,0.31922
1757015287.348754,1757015286920,1757015286920,109815.0,4.27562,109816.0,0.00011,109814.0,3.73303,109817.0,0.00011,109813.0,2.98994,109818.0,0.00011,109812.0,2.5088,109819.0,0.00011,109811.0,3.91954,109820.0,0.00011,109810.0,40.09102,109821.0,0.00011,109809.0,12.16638,109822.0,0.00011,109808.0,1.13874,109823.0,0.00011,109807.0,2.56402,109824.0,0.00011,109806.0,0.44744,109825.0,0.00011,109805.0,7.3142,109826.0,0.00011,109804.0,3.02812,109827.0,0.00011,109803.0,2.72943,109828.0,0.00011,109802.0,0.92384,109829.0,0.00011,109801.0,2.48873,109830.0,0.00011,109800.0,2.2823,109831.0,0.13666,109799.0,0.00386,109832.0,0.10011,109798.0,1.32207,109833.0,0.00011,109797.0,0.22115,109834.0,0.11011,109796.0,0.19611,109835.0,0.00954
1757015287.8170784,1757015287427,1757015287427,109824.0,5.14302,109825.0,0.00011,109823.0,2.24189,109826.0,0.00011,109822.0,5.59728,109827.0,0.00011,109821.0,5.91812,109828.0,0.00011,109820.0,5.63624,109829.0,0.00011,109819.0,5.21564,109830.0,0.00011,109818.0,4.93324,109831.0,0.13666,109817.0,4.93324,109832.0,0.10011,109816.0,3.79649,109833.0,0.00011,109815.0,49.05784,109834.0,0.11011,109814.0,7.1173,109835.0,0.05506,109813.0,0.88606,109836.0,0.15533,109812.0,0.99317,109837.0,0.00352,109811.0,0.45841,109838.0,0.95006,109810.0,12.82365,109839.0,0.02389,109809.0,3.58952,109840.0,1.15083,109808.0,1.09321,109841.0,2.73457,109807.0,0.69884,109842.0,2.06338,109806.0,0.40191,109843.0,1.49183,109805.0,7.32165,109844.0,0.00386
1757015288.4481978,1757015287959,1757015287959,109826.0,3.90062,109827.0,0.00011,109825.0,27.27155,109828.0,0.00011,109824.0,34.35897,109829.0,0.00011,109823.0,12.27373,109831.0,0.13666,109822.0,3.16393,109832.0,0.10011,109821.0,2.72831,109833.0,0.00011,109820.0,2.65685,109834.0,0.00011,109819.0,3.56716,109835.0,0.00011,109818.0,6.03442,109836.0,0.04533,109817.0,5.28102,109837.0,0.00352,109816.0,24.68356,109838.0,0.1104,109815.0,15.48849,109839.0,0.11727,109814.0,0.00801,109840.0,0.00954,109813.0,0.47044,109841.0,0.0037,109812.0,0.93067,109842.0,0.91382,109811.0,0.15341,109843.0,0.00352,109810.0,6.45836,109844.0,3.28049,109809.0,3.26637,109845.0,2.11116,109808.0,1.05699,109846.0,1.98968,109807.0,0.51671,109847.0,0.0037
1757015288.866953,1757015288569,1757015288569,109830.0,25.88855,109831.0,0.13244,109829.0,7.84869,109832.0,0.10011,109828.0,8.26558,109833.0,0.00011,109827.0,10.04165,109834.0,0.00011,109826.0,33.99842,109835.0,0.00011,109825.0,33.59425,109836.0,0.04533,109824.0,0.82203,109837.0,0.00011,109823.0,1.35068,109838.0,0.15251,109822.0,1.08435,109839.0,0.11727,109821.0,4.3285,109840.0,0.50024,109820.0,0.24605,109841.0,0.3189,109819.0,1.24251,109842.0,0.00011,109818.0,16.19914,109843.0,0.91381,109817.0,0.01682,109844.0,3.41703,109816.0,1.15893,109845.0,2.67417,109815.0,8.43325,109846.0,2.59735,109814.0,0.00341,109847.0,2.00605,109813.0,0.27036,109848.0,0.00352,109812.0,0.99442,109849.0,0.13555,109811.0,0.15341,109850.0,6.11578
1757015289.536765,1757015289075,1757015289075,109830.0,25.33365,109831.0,0.3062,109829.0,0.97637,109832.0,0.10011,109828.0,1.28673,109833.0,0.00011,109827.0,42.44831,109834.0,0.00011,109826.0,1.48304,109835.0,0.00011,109825.0,2.79043,109836.0,0.04533,109824.0,4.8469,109837.0,0.95596,109823.0,0.00341,109838.0,0.10699,109822.0,1.03883,109839.0,3.39441,109821.0,5.9709,109840.0,1.82018,109820.0,0.25065,109841.0,0.09469,109819.0,8.66673,109842.0,0.00352,109818.0,0.55863,109843.0,2.19721,109817.0,0.00341,109844.0,0.00352,109816.0,0.68571,109845.0,5.60344,109815.0,6.78406,109846.0,0.68582,109814.0,0.54971,109847.0,0.00352,109813.0,0.36996,109848.0,0.09455,109812.0,0.93067,109849.0,1.05598,109811.0,0.15341,109850.0,2.56477
1757015290.0953555,1757015289675,1757015289675,109830.0,25.60838,109831.0,0.5062,109829.0,12.00989,109832.0,0.10011,109828.0,1.48042,109833.0,0.00011,109827.0,2.48401,109834.0,0.00011,109826.0,0.40356,109835.0,0.00011,109825.0,9.2082,109836.0,0.1344,109824.0,2.74425,109837.0,0.04563,109823.0,0.00341,109838.0,0.10699,109822.0,1.03883,109839.0,1.02759,109821.0,5.90261,109840.0,0.45472,109820.0,0.95073,109841.0,0.0037,109819.0,0.92429,109842.0,3.8268,109818.0,0.54969,109843.0,1.36894,109817.0,0.00341,109844.0,0.09451,109816.0,0.7767,109845.0,1.01232,109815.0,7.37551,109846.0,0.68582,109814.0,0.54971,109847.0,0.00352,109813.0,0.34271,109848.0,3.15829,109812.0,1.24936,109849.0,0.13555,109811.0,0.15341,109850.0,2.56477
