timestamp,sequence,exchange_timestamp,bid_price_0,bid_size_0,ask_price_0,ask_size_0,bid_price_1,bid_size_1,ask_price_1,ask_size_1,bid_price_2,bid_size_2,ask_price_2,ask_size_2,bid_price_3,bid_size_3,ask_price_3,ask_size_3,bid_price_4,bid_size_4,ask_price_4,ask_size_4,bid_price_5,bid_size_5,ask_price_5,ask_size_5,bid_price_6,bid_size_6,ask_price_6,ask_size_6,bid_price_7,bid_size_7,ask_price_7,ask_size_7,bid_price_8,bid_size_8,ask_price_8,ask_size_8,bid_price_9,bid_size_9,ask_price_9,ask_size_9,bid_price_10,bid_size_10,ask_price_10,ask_size_10,bid_price_11,bid_size_11,ask_price_11,ask_size_11,bid_price_12,bid_size_12,ask_price_12,ask_size_12,bid_price_13,bid_size_13,ask_price_13,ask_size_13,bid_price_14,bid_size_14,ask_price_14,ask_size_14,bid_price_15,bid_size_15,ask_price_15,ask_size_15,bid_price_16,bid_size_16,ask_price_16,ask_size_16,bid_price_17,bid_size_17,ask_price_17,ask_size_17,bid_price_18,bid_size_18,ask_price_18,ask_size_18,bid_price_19,bid_size_19,ask_price_19,ask_size_19
1757015216.8704605,1757015216253,1757015216253,4268.9,10.1152,4269.0,820.6318,4268.8,0.1465,4269.1,432.7697,4268.5,0.24,4269.2,3.7599,4267.8,5.8566,4269.3,28.318,4267.7,56.5185,4269.4,12.2225,4267.6,161.7635,4269.5,250.7339,4267.4,112.7434,4269.6,279.969,4267.3,88.822,4269.7,218.7491,4267.2,136.4746,4269.8,277.6936,4267.1,54.4858,4269.9,54.5054,4267.0,271.0657,4270.0,216.4091,4266.9,216.4709,4270.1,360.4764,4266.8,317.7438,4270.2,280.982,4266.7,54.2658,4270.3,219.3951,4266.6,176.3061,4270.4,47.8207,4266.5,8.2392,4270.5,570.1208,4266.4,238.9939,4270.6,259.4536,4266.3,403.3996,4270.7,54.9733,4266.2,9.8639,4270.8,294.2519,4266.1,131.5445,4270.9,5.6573
1757015217.176922,1757015216728,1757015216728,4268.8,0.1465,4268.9,400.6103,4268.7,0.272,4269.0,833.6423,4268.0,0.9138,4269.1,559.8573,4267.8,5.8563,4269.2,58.761,4267.7,3.8046,4269.3,26.9335,4267.6,91.3135,4269.4,185.3912,4267.5,106.9805,4269.5,277.841,4267.4,14.2782,4269.6,359.8724,4267.3,37.9586,4269.7,217.5171,4267.2,174.4808,4269.8,251.2388,4267.1,162.0052,4269.9,54.5054,4267.0,132.0954,4270.0,166.7155,4266.9,239.5936,4270.1,392.7974,4266.8,247.5711,4270.2,197.6746,4266.7,85.3237,4270.3,209.838,4266.6,2.8797,4270.4,59.5292,4266.5,14.3744,4270.5,570.1208,4266.4,30.4528,4270.6,85.6379,4266.3,402.2787,4270.7,54.9733,4266.2,13.5656,4270.8,252.9459
1757015217.7059793,1757015217361,1757015217361,4268.0,6.7653,4268.1,150.9155,4267.7,3.8046,4268.2,96.7349,4267.6,120.9654,4268.3,51.6612,4267.5,106.9805,4268.4,156.5915,4267.4,14.2782,4268.5,284.631,4267.3,37.9586,4268.6,101.7412,4267.2,174.7208,4268.7,49.3714,4267.1,162.0052,4268.8,619.6183,4267.0,75.1115,4268.9,583.7083,4266.9,239.5936,4269.0,697.7615,4266.8,36.669,4269.1,525.2372,4266.7,85.3237,4269.2,23.2163,4266.6,2.8797,4269.3,76.2614,4266.5,16.7175,4269.4,185.3912,4266.4,244.8739,4269.5,318.1405,4266.3,413.9984,4269.6,362.2155,4266.2,51.5787,4269.7,113.9348,4266.1,26.2468,4269.8,251.1288,4266.0,73.9137,4269.9,54.5054,4265.9,246.1718,4270.0,169.0586
1757015218.127704,1757015217788,1757015217788,4268.0,126.3809,4268.1,91.9161,4267.7,3.8046,4268.2,65.6309,4267.6,79.9781,4268.3,6.0584,4267.5,107.0977,4268.4,172.3879,4267.4,91.597,4268.5,274.1676,4267.3,37.9586,4268.6,217.8096,4267.2,198.1522,4268.7,83.1458,4267.1,162.2452,4268.8,411.1559,4267.0,75.1115,4268.9,401.1281,4266.9,239.5936,4269.0,650.0688,4266.8,36.3754,4269.1,520.5523,4266.7,85.3237,4269.2,34.928,4266.6,2.8797,4269.3,76.2614,4266.5,28.4355,4269.4,226.5164,4266.4,253.3175,4269.5,302.132,4266.3,413.9984,4269.6,318.1805,4266.2,51.5787,4269.7,113.9348,4266.1,2.8142,4269.8,251.1288,4266.0,216.5332,4269.9,54.5054,4265.9,246.1718,4270.0,169.0586
1757015218.6300373,1757015218348,1757015218348,4268.0,11.3384,4268.1,96.53,4267.7,20.2659,4268.2,52.6312,4267.6,97.7743,4268.3,9.411,4267.5,131.6626,4268.4,176.1569,4267.4,112.9113,4268.5,285.8814,4267.3,37.9586,4268.6,193.7856,4267.2,198.1522,4268.7,83.1458,4267.1,162.2452,4268.8,301.7387,4267.0,75.1115,4268.9,420.2219,4266.9,239.5936,4269.0,694.7232,4266.8,39.8909,4269.1,506.5549,4266.7,88.8392,4269.2,11.9666,4266.6,2.8797,4269.3,23.4201,4266.5,43.6704,4269.4,252.225,4266.4,253.3175,4269.5,165.0482,4266.3,454.9115,4269.6,318.1805,4266.2,51.5787,4269.7,113.0581,4266.1,2.8142,4269.8,251.1288,4266.0,216.7732,4269.9,54.5054,4265.9,246.1718,4270.0,169.0586
1757015219.272802,1757015218875,1757015218875,4268.0,142.4826,4268.1,61.0775,4267.9,39.5057,4268.2,1.3852,4267.8,156.8392,4268.3,3.5546,4267.7,37.7787,4268.4,3.769,4267.6,154.2699,4268.5,148.7976,4267.5,54.383,4268.6,54.1767,4267.4,14.4654,4268.8,354.4411,4267.3,37.9586,4268.9,225.8745,4267.2,198.1522,4269.0,329.0564,4267.1,63.8388,4269.1,245.2546,4267.0,90.4284,4269.2,12.1537,4266.9,232.4296,4269.3,140.5262,4266.8,76.1699,4269.4,147.3442,4266.7,85.3237,4269.5,256.3251,4266.6,2.7697,4269.6,516.7896,4266.5,28.4367,4269.7,136.5859,4266.4,376.3982,4269.8,177.4558,4266.3,454.9115,4269.9,232.6269,4266.2,67.172,4270.0,169.0586,4266.1,2.8142,4270.1,263.8326
1757015219.9698544,1757015219390,1757015219390,4268.0,142.4826,4268.1,67.3217,4267.9,86.5575,4268.2,7.6073,4267.8,156.8392,4268.3,3.5546,4267.7,47.2803,4268.4,3.769,4267.6,119.5018,4268.5,148.7976,4267.5,54.2658,4268.6,24.2908,4267.4,14.4654,4268.7,11.7122,4267.3,47.7586,4268.8,71.487,4267.2,151.8054,4268.9,362.9583,4267.1,90.4795,4269.0,145.9113,4267.0,93.9437,4269.1,245.2546,4266.9,236.3396,4269.2,12.1537,4266.8,104.2133,4269.3,140.5262,4266.7,97.0423,4269.4,86.8943,4266.6,3.0097,4269.5,119.2413,4266.5,28.4367,4269.6,430.5187,4266.4,390.3956,4269.7,273.6697,4266.3,454.9115,4269.8,193.7156,4266.2,67.172,4269.9,232.6269,4266.1,2.8142,4270.0,169.0586
1757015220.5211666,1757015220005,1757015220005,4268.0,211.5929,4268.1,35.7179,4267.9,140.8233,4268.2,1.3852,4267.8,107.8238,4268.3,11.7547,4267.7,47.2803,4268.4,3.769,4267.6,119.5018,4268.5,137.0838,4267.5,54.2658,4268.6,18.3821,4267.4,0.6172,4268.7,18.8012,4267.3,47.7586,4268.8,171.9042,4267.2,182.7335,4268.9,235.0576,4267.1,90.4795,4269.0,139.1444,4267.0,70.1219,4269.1,108.1708,4266.9,236.5796,4269.2,58.986,4266.8,70.2596,4269.3,168.3198,4266.7,68.3275,4269.4,318.0308,4266.6,14.7286,4269.5,119.2413,4266.5,112.992,4269.6,430.5187,4266.4,426.0416,4269.7,232.3079,4266.3,454.8526,4269.8,177.6958,4266.2,25.6429,4269.9,232.6269,4266.1,3.461,4270.0,169.0586
1757015221.0832524,1757015220550,1757015220550,4268.0,544.0008,4268.1,9.4299,4267.9,93.7715,4268.2,1.4393,4267.8,36.5455,4268.3,0.0404,4267.7,39.8478,4268.5,15.2278,4267.6,21.0987,4268.7,1.8459,4267.5,54.2658,4268.8,0.2549,4267.4,0.43,4268.9,7.2191,4267.3,47.7586,4269.0,13.2956,4267.2,257.2104,4269.1,10.6767,4267.1,68.7864,4269.2,160.7623,4267.0,66.6066,4269.3,27.7936,4266.9,210.8209,4269.4,67.0739,4266.8,169.7537,4269.5,300.8012,4266.7,68.3864,4269.6,288.556,4266.6,14.7286,4269.7,236.9908,4266.5,28.4367,4269.8,161.6345,4266.4,215.7414,4269.9,358.8454,4266.3,497.5157,4270.0,27.6414,4266.2,37.3629,4270.1,263.5926,4266.1,15.4155,4270.2,60.9726
1757015221.6570108,1757015221096,1757015221096,4268.0,544.4237,4268.1,2.6579,4267.9,102.9809,4268.2,0.0945,4267.8,65.0102,4268.3,0.1575,4267.7,46.8939,4268.4,11.7129,4267.6,21.0987,4268.5,11.7137,4267.5,89.3718,4268.6,6.1782,4267.4,38.6581,4268.7,0.6661,4267.3,72.9399,4268.8,0.9438,4267.2,248.2636,4268.9,8.6888,4267.1,80.5039,4269.0,23.3392,4267.0,66.6066,4269.1,9.8,4266.9,222.539,4269.2,306.1842,4266.8,165.1457,4269.4,142.5562,4266.7,73.0723,4269.5,314.4039,4266.6,19.4145,4269.6,451.1726,4266.5,28.4367,4269.7,138.8206,4266.4,175.5463,4269.8,161.6345,4266.3,498.1086,4269.9,594.2818,4266.2,174.4467,4270.0,27.6414,4266.1,14.7687,4270.1,265.9362
1757015221.9896698,1757015221613,1757015221613,4268.0,544.4237,4268.1,2.5891,4267.9,93.7715,4268.2,0.0945,4267.8,65.2173,4268.3,0.1575,4267.7,46.8939,4268.5,11.7137,4267.6,115.2043,4268.7,0.6661,4267.5,89.3718,4268.8,4.4576,4267.4,254.4733,4268.9,8.6888,4267.3,72.9399,4269.0,78.3259,4267.2,248.2636,4269.1,10.7138,4267.1,121.4741,4269.2,363.6672,4267.0,66.6066,4269.3,7.6431,4266.9,263.142,4269.4,460.2197,4266.8,165.1457,4269.5,113.8206,4266.7,73.0723,4269.6,327.0703,4266.6,19.4145,4269.7,166.7706,4266.5,28.4367,4269.8,339.919,4266.4,175.5463,4269.9,594.2818,4266.3,498.1086,4270.0,27.6414,4266.2,174.681,4270.1,263.5926,4266.1,14.5344,4270.2,101.5123
1757015222.7176707,1757015222230,1757015222230,4268.1,1172.2172,4268.2,0.0404,4268.0,148.5193,4268.3,0.0404,4267.9,75.2923,4268.5,11.7137,4267.8,85.7731,4268.7,12.3792,4267.7,59.3626,4268.8,0.9438,4267.6,107.4778,4268.9,4.8251,4267.5,86.1174,4269.0,14.5276,4267.4,245.287,4269.2,410.4923,4267.3,211.9407,4269.3,11.7101,4267.2,37.3795,4269.4,177.5345,4267.1,133.1903,4269.5,45.53,4267.0,137.5226,4269.6,292.2677,4266.9,259.232,4269.7,1.4781,4266.8,111.3785,4269.8,392.6092,4266.7,73.0723,4269.9,427.6126,4266.6,19.4145,4270.0,13.644,4266.5,28.4367,4270.1,63.0093,4266.4,312.6301,4270.2,301.9855,4266.3,278.3253,4270.3,296.475,4266.2,175.9286,4270.4,302.9816
1757015223.1540766,1757015222674,1757015222674,4268.1,476.3992,4268.2,0.865,4268.0,200.6452,4268.3,0.0404,4267.9,128.0039,4268.6,17.5684,4267.8,61.897,4268.7,5.8559,4267.7,27.2145,4268.8,6.5447,4267.6,122.814,4268.9,1.6533,4267.5,180.7854,4269.0,1.232,4267.4,12.1469,4269.1,1.4441,4267.2,248.2571,4269.2,286.1343,4267.1,68.8453,4269.3,313.3943,4267.0,57.0796,4269.4,46.2234,4266.9,247.5139,4269.5,174.3447,4266.8,28.6887,4269.6,402.0074,4266.7,69.2819,4269.7,78.9748,4266.6,14.9629,4269.8,363.0488,4266.5,40.156,4269.9,333.868,4266.4,174.8823,4270.0,13.1378,4266.3,276.8557,4270.1,65.3529,4266.2,17.1822,4270.2,175.5425,4266.1,4.0356,4270.3,451.7322
1757015223.6400425,1757015223197,1757015223197,4268.2,237.319,4268.3,0.3151,4268.1,528.2757,4268.6,11.9673,4268.0,220.0874,4268.7,9.3871,4267.9,68.2632,4268.8,7.6174,4267.8,51.6892,4268.9,13.076,4267.7,248.4039,4269.0,1.1687,4267.6,100.2593,4269.1,88.4328,4267.5,180.7854,4269.2,343.5336,4267.4,109.002,4269.3,197.195,4267.3,11.717,4269.4,221.0664,4267.2,243.8348,4269.5,157.1322,4267.1,68.8453,4269.6,305.0581,4267.0,106.8767,4269.7,78.9748,4266.9,247.5139,4269.8,363.0488,4266.8,28.6887,4269.9,480.3412,4266.7,69.2819,4270.0,53.5386,4266.6,14.7286,4270.1,65.5879,4266.5,177.2398,4270.2,216.5819,4266.4,111.1466,4270.3,451.7322,4266.3,277.5607,4270.4,258.5497
1757015224.0782123,1757015223698,1757015223698,4268.2,412.0443,4268.3,0.8498,4268.1,224.0803,4268.5,3.5141,4268.0,79.2443,4268.6,25.8148,4267.9,54.2658,4268.7,12.3845,4267.8,102.1325,4268.8,5.7999,4267.7,47.8206,4268.9,18.9317,4267.6,100.2593,4269.0,1.1687,4267.5,180.7854,4269.1,70.3043,4267.4,105.487,4269.2,396.2304,4267.3,3.5151,4269.3,345.0807,4267.2,248.4428,4269.4,226.9183,4267.1,68.8453,4269.5,214.0101,4267.0,112.9845,4269.6,400.1725,4266.9,247.5139,4269.7,78.9748,4266.8,28.6887,4269.8,363.0488,4266.7,83.2793,4269.9,480.3412,4266.6,14.7286,4270.0,53.5386,4266.5,177.2398,4270.1,65.5879,4266.4,97.1492,4270.2,216.8368,4266.3,277.7957,4270.3,451.7322
1757015224.5619726,1757015224235,1757015224235,4268.2,415.162,4268.3,7.3421,4268.1,132.153,4268.5,11.7127,4268.0,54.1879,4268.6,11.9673,4267.9,54.2658,4268.7,0.6714,4267.8,51.6892,4268.8,5.7999,4267.7,47.8206,4268.9,18.9317,4267.6,100.2593,4269.0,3.3687,4267.5,192.5006,4269.1,90.5594,4267.4,105.487,4269.2,396.2304,4267.3,11.717,4269.3,345.0807,4267.2,248.4428,4269.4,226.9183,4267.1,68.7864,4269.5,214.0101,4267.0,113.0434,4269.6,427.775,4266.9,247.5139,4269.7,78.9748,4266.8,28.6887,4269.8,523.2127,4266.7,83.2793,4269.9,302.2197,4266.6,71.5441,4270.0,53.5386,4266.5,177.2398,4270.1,65.5879,4266.4,97.1492,4270.2,216.8368,4266.3,277.7957,4270.3,451.7322
1757015225.543264,1757015224761,1757015224761,4268.2,62.0783,4268.3,171.6239,4268.1,77.308,4268.4,6.4116,4268.0,124.8029,4268.5,5.8565,4267.9,0.084,4268.6,67.8762,4267.8,37.4746,4268.7,150.3928,4267.7,22.6808,4268.8,160.3688,4267.6,148.4788,4268.9,38.2537,4267.5,181.1598,4269.0,77.2286,4267.4,14.8682,4269.1,126.3153,4267.2,32.9572,4269.2,582.2116,4267.1,92.218,4269.3,290.5073,4267.0,72.4752,4269.4,375.6895,4266.9,206.9109,4269.5,121.1598,4266.8,241.0359,4269.6,610.3494,4266.7,68.5625,4269.7,122.8005,4266.6,71.5441,4269.8,364.144,4266.5,177.2398,4269.9,177.1792,4266.4,106.8583,4270.0,56.8374,4266.3,278.4725,4270.1,110.1026,4266.2,15.9358,4270.2,174.6658
1757015225.7693057,1757015225266,1757015225266,4268.2,355.1498,4268.3,31.9075,4268.1,1.6685,4268.4,0.9057,4268.0,143.987,4268.5,3.5141,4267.8,37.8661,4268.6,3.7689,4267.7,3.0079,4268.8,75.9076,4267.6,0.2343,4268.9,22.2591,4267.5,180.7854,4269.0,10.4745,4267.4,41.3083,4269.1,13.0126,4267.3,45.7606,4269.2,184.8972,4267.2,55.544,4269.3,80.0295,4267.1,121.0024,4269.4,346.8991,4267.0,98.4599,4269.5,64.2819,4266.9,206.9109,4269.6,497.9382,4266.8,241.0359,4269.7,122.8005,4266.7,109.2425,4269.8,364.254,4266.6,113.3565,4269.9,191.1766,4266.5,177.2398,4270.0,227.1859,4266.4,106.8583,4270.1,247.1864,4266.3,278.4725,4270.2,60.3508,4266.2,15.7015,4270.3,273.3375
1757015226.2459404,1757015225784,1757015225784,4268.2,162.7094,4268.3,31.0814,4268.1,66.2517,4268.4,0.6508,4268.0,81.5788,4268.6,0.2549,4267.9,1.0741,4268.7,17.8588,4267.8,48.1616,4268.8,14.2079,4267.7,1.368,4268.9,36.6602,4267.6,410.8321,4269.0,58.5676,4267.5,126.5196,4269.1,90.132,4267.4,50.3428,4269.2,137.4434,4267.3,22.7512,4269.3,89.8002,4267.2,67.3864,4269.4,507.2001,4267.1,325.4957,4269.5,134.0487,4267.0,68.5075,4269.6,290.5442,4266.9,10.2969,4269.7,122.8005,4266.8,243.5666,4269.8,377.8995,4266.7,82.6188,4269.9,0.0046,4266.6,113.3565,4270.0,227.1859,4266.5,177.2398,4270.1,247.1864,4266.4,106.8583,4270.2,60.3508,4266.3,268.6556,4270.3,273.3375
1757015226.7088482,1757015226294,1757015226294,4268.2,374.9411,4268.3,7.5987,4268.1,214.0807,4268.4,0.6508,4268.0,43.6378,4268.6,15.0888,4267.9,21.499,4268.8,137.3387,4267.8,92.7947,4268.9,11.7126,4267.7,213.8673,4269.0,11.722,4267.6,112.0597,4269.1,22.0393,4267.5,10.042,4269.2,324.7778,4267.4,18.9118,4269.3,258.941,4267.3,5.8778,4269.4,235.8032,4267.2,116.4686,4269.5,64.85,4267.1,296.7113,4269.6,284.5724,4267.0,205.5913,4269.7,179.8398,4266.9,51.1342,4269.8,161.3272,4266.8,32.6699,4269.9,137.0884,4266.7,122.836,4270.0,353.6406,4266.6,71.5441,4270.1,287.6403,4266.5,177.8642,4270.2,60.3508,4266.4,106.8583,4270.3,410.4213,4266.3,268.6556,4270.4,36.734
1757015227.2391634,1757015226843,1757015226843,4268.2,750.0949,4268.3,6.9956,4268.1,115.6283,4268.6,11.7123,4268.0,71.8639,4268.8,0.5812,4267.9,47.5664,4268.9,0.5895,4267.8,183.9338,4269.1,2.8225,4267.7,434.8474,4269.2,0.2549,4267.6,77.4836,4269.3,15.2249,4267.5,19.5143,4269.4,150.1981,4267.4,12.1424,4269.5,24.4283,4267.2,121.0766,4269.6,14.6376,4267.1,273.2797,4269.7,3.8,4267.0,154.7076,4269.8,224.1516,4266.9,60.1266,4269.9,218.9757,4266.8,37.4922,4270.0,12.9028,4266.7,165.2516,4270.1,293.19,4266.6,72.4208,4270.2,136.2486,4266.5,166.211,4270.3,340.5124,4266.4,106.8583,4270.4,259.1676,4266.3,267.9788,4270.5,40.9722,4266.2,16.1375,4270.6,85.7525
1757015227.7173975,1757015227427,1757015227427,4268.7,151.608,4268.8,0.5812,4268.6,150.4172,4268.9,0.5895,4268.5,182.5509,4269.1,1.3006,4268.4,196.2746,4269.4,156.053,4268.3,166.2372,4269.5,18.5736,4268.2,978.198,4269.6,43.7654,4268.1,153.9746,4269.7,27.9947,4268.0,71.8639,4269.8,135.2309,4267.9,47.8064,4269.9,278.7802,4267.8,173.1266,4270.0,83.9997,4267.7,264.9559,4270.1,402.4917,4267.6,201.8844,4270.2,337.2061,4267.5,60.4496,4270.3,378.2322,4267.4,12.2013,4270.4,64.6809,4267.2,117.0911,4270.5,40.9722,4267.1,273.887,4270.6,154.581,4267.0,154.4177,4270.7,246.1931,4266.9,55.6809,4270.8,463.8552,4266.8,169.8314,4270.9,89.8401,4266.7,165.4859,4271.0,205.1111
1757015228.286896,1757015227912,1757015227912,4268.7,505.0246,4268.8,0.5812,4268.6,237.6025,4268.9,0.5895,4268.5,9.41,4269.1,0.6905,4268.4,14.315,4269.3,5.855,4268.3,310.6055,4269.4,148.6068,4268.2,249.8438,4269.5,71.267,4268.1,87.6292,4269.6,50.0583,4268.0,45.0375,4269.7,105.2743,4267.9,3.7546,4269.8,115.6722,4267.8,173.1266,4269.9,285.5456,4267.7,257.2552,4270.0,221.3988,4267.6,64.8006,4270.1,424.727,4267.5,50.6496,4270.2,360.0542,4267.4,23.918,4270.3,381.7321,4267.2,119.4346,4270.4,99.484,4267.1,269.977,4270.5,40.9722,4267.0,12.1238,4270.6,138.5975,4266.9,57.6466,4270.7,246.1931,4266.8,28.0619,4270.8,463.4003,4266.7,151.4885,4270.9,89.8401
1757015228.9725683,1757015228519,1757015228519,4268.7,6.7696,4268.8,48.1895,4268.5,3.8,4268.9,137.0838,4268.4,52.7063,4269.1,9.9949,4268.2,6.8634,4269.2,226.3475,4268.1,101.7669,4269.3,184.253,4268.0,34.6144,4269.4,282.3242,4267.9,151.0087,4269.5,92.9931,4267.8,116.0344,4269.6,181.6809,4267.7,27.4164,4269.7,330.8414,4267.6,75.8152,4269.8,197.1541,4267.4,234.9204,4269.9,440.0419,4267.3,228.7086,4270.0,408.3448,4267.2,4.3726,4270.1,249.1062,4267.1,73.5044,4270.2,254.0932,4267.0,0.1161,4270.3,76.2541,4266.9,206.0016,4270.4,69.5031,4266.8,28.0619,4270.5,43.3155,4266.7,78.3625,4270.6,179.8556,4266.6,57.2238,4270.7,221.8269,4266.5,29.7714,4270.8,252.691
1757015229.5296547,1757015229098,1757015229098,4268.7,0.9826,4268.8,60.9877,4268.6,5.8558,4268.9,140.5975,4268.3,16.0564,4269.0,64.6666,4268.2,96.4713,4269.1,70.092,4268.1,101.7669,4269.2,387.1135,4268.0,100.9896,4269.3,147.586,4267.9,151.0087,4269.4,403.6695,4267.8,145.3578,4269.5,265.863,4267.7,27.4164,4269.6,275.6791,4267.6,78.0176,4269.7,330.8414,4267.5,75.0455,4269.8,296.8889,4267.4,238.6754,4269.9,458.2235,4267.3,254.3644,4270.0,223.6506,4267.2,44.8668,4270.1,194.8428,4267.1,73.5044,4270.2,254.0932,4267.0,11.8928,4270.3,76.2541,4266.9,247.2755,4270.4,68.6264,4266.8,69.8654,4270.5,93.3155,4266.7,215.4463,4270.6,138.5287,4266.6,69.8159,4270.7,221.8269
1757015230.3872132,1757015229804,1757015229804,4268.7,5.9245,4268.8,51.4689,4268.5,1.7568,4268.9,140.5975,4268.4,59.8906,4269.0,15.4809,4268.3,98.3877,4269.1,73.6056,4268.2,120.9598,4269.2,222.9747,4268.1,24.4588,4269.3,98.8327,4268.0,70.386,4269.4,279.761,4267.9,25.8618,4269.5,257.2661,4267.8,56.7605,4269.6,242.4442,4267.7,27.4164,4269.7,327.0414,4267.6,89.9198,4269.8,320.1966,4267.5,134.7082,4269.9,457.6899,4267.4,307.955,4270.0,321.1163,4267.3,242.6487,4270.1,194.8428,4267.2,33.1496,4270.2,254.0932,4267.1,73.5044,4270.3,76.2541,4267.0,107.0351,4270.4,68.6264,4266.9,205.7616,4270.5,93.3155,4266.8,79.6823,4270.6,1.4449,4266.7,231.0461,4270.7,221.8269
1757015230.6605656,1757015230215,1757015230215,4268.7,1.3075,4268.8,77.7351,4268.6,5.856,4268.9,277.6813,4268.5,38.7831,4269.0,145.4738,4268.4,7.1841,4269.1,306.8599,4268.2,5.5,4269.2,113.9026,4268.1,24.4588,4269.3,100.0125,4268.0,158.9558,4269.4,280.2211,4267.9,25.8618,4269.5,227.043,4267.8,155.158,4269.6,163.7017,4267.7,27.4164,4269.7,327.0414,4267.6,54.7058,4269.8,320.4066,4267.5,128.8606,4269.9,324.4061,4267.4,107.3717,4270.0,321.1163,4267.3,214.669,4270.1,57.759,4267.2,4.6126,4270.2,254.0932,4267.1,73.5044,4270.3,76.2541,4267.0,107.0351,4270.4,47.8207,4266.9,255.3413,4270.5,93.3155,4266.8,79.6823,4270.6,1.4449,4266.7,231.0461,4270.7,221.8269
1757015231.1263554,1757015230776,1757015230776,4268.5,0.9138,4268.7,351.3044,4268.4,5.856,4268.8,101.0858,4268.3,52.7078,4268.9,279.9313,4268.2,29.5155,4269.0,15.4809,4268.1,77.1687,4269.1,32.8699,4268.0,142.9869,4269.2,552.0941,4267.9,25.8618,4269.3,214.3601,4267.8,155.158,4269.4,277.4509,4267.7,25.0729,4269.5,225.6803,4267.6,87.3436,4269.6,162.3828,4267.5,126.5173,4269.7,327.0414,4267.4,95.6551,4269.8,261.6635,4267.3,226.3848,4269.9,443.6925,4267.2,30.2318,4270.0,362.5488,4267.1,85.2219,4270.1,57.759,4267.0,106.9762,4270.2,254.0932,4266.9,14.4246,4270.3,76.2541,4266.8,28.3019,4270.4,184.9045,4266.7,231.0461,4270.5,94.1922,4266.6,15.4462,4270.6,1.4449
1757015231.630958,1757015231287,1757015231287,4268.5,0.9138,4268.6,396.8632,4268.3,5.856,4268.7,205.8297,4268.2,5.5,4268.8,60.3473,4268.0,110.8816,4268.9,281.1111,4267.9,1.3634,4269.0,64.6676,4267.8,229.8311,4269.1,150.128,4267.7,54.2704,4269.2,519.9167,4267.6,0.4215,4269.3,249.3289,4267.5,133.2866,4269.4,277.4509,4267.4,207.2839,4269.5,225.6803,4267.3,12.2132,4269.6,166.5802,4267.2,65.3804,4269.7,409.5703,4267.1,73.5044,4269.8,345.2304,4267.0,9.933,4269.9,415.4733,4266.9,225.3211,4270.0,362.5488,4266.8,228.8852,4270.1,60.1023,4266.7,231.0461,4270.2,212.7814,4266.6,70.6884,4270.3,76.2541,4266.5,35.139,4270.4,173.196,4266.4,96.9635,4270.5,94.1922
1757015232.172414,1757015231797,1757015231797,4268.3,5.8563,4268.6,327.3777,4268.2,5.5,4268.7,126.9605,4267.8,80.151,4268.8,281.2784,4267.7,0.0046,4268.9,281.1633,4267.6,174.6984,4269.0,303.3081,4267.5,105.1745,4269.1,166.2963,4267.4,54.3701,4269.2,602.0193,4267.3,21.5655,4269.3,124.5617,4267.2,177.8513,4269.4,140.3671,4267.1,68.8964,4269.5,250.942,4267.0,136.3603,4269.6,152.5828,4266.9,222.6672,4269.7,241.9,4266.8,21.1916,4269.8,221.1283,4266.7,221.2461,4269.9,274.5895,4266.6,29.5025,4270.0,321.1163,4266.5,35.139,4270.1,60.1023,4266.4,96.9635,4270.2,349.8652,4266.3,267.9788,4270.3,72.7542,4266.2,8.3896,4270.4,36.1122,4266.1,95.3345,4270.5,44.1922
1757015232.7226644,1757015232342,1757015232342,4268.3,7.276,4268.4,410.5964,4268.0,0.9138,4268.5,38.3105,4267.9,0.1172,4268.6,57.1499,4267.8,80.151,4268.7,10.5123,4267.7,14.002,4268.8,384.7203,4267.6,142.1979,4268.9,291.3808,4267.5,120.5753,4269.0,183.594,4267.4,77.7864,4269.1,246.9105,4267.3,3.8,4269.2,601.8322,4267.2,217.4891,4269.3,239.2498,4267.1,84.128,4269.4,106.7675,4267.0,226.3597,4269.5,291.8401,4266.9,242.116,4269.6,134.2851,4266.8,32.9099,4269.7,378.9838,4266.7,221.2461,4269.8,221.0183,4266.6,69.3155,4269.9,137.5057,4266.5,35.139,4270.0,321.1163,4266.4,96.9635,4270.1,60.1023,4266.3,267.9788,4270.2,399.8652,4266.2,8.3896,4270.3,72.7542
1757015233.285805,1757015232901,1757015232901,4268.3,1.4197,4268.4,292.8864,4268.1,5.8563,4268.5,90.1911,4268.0,0.9138,4268.6,24.7597,4267.9,0.1172,4268.7,5.8271,4267.8,80.151,4268.8,413.7289,4267.7,44.6057,4268.9,291.3808,4267.6,142.1979,4269.0,366.3355,4267.5,120.5753,4269.1,124.0228,4267.4,55.2953,4269.2,579.471,4267.3,3.8,4269.3,239.2498,4267.2,250.8784,4269.4,106.7675,4267.1,136.2419,4269.5,291.8401,4267.0,317.07,4269.6,162.3226,4266.9,213.4798,4269.7,379.2238,4266.8,32.9099,4269.8,221.0183,4266.7,262.3033,4269.9,137.5057,4266.6,69.3155,4270.0,321.1163,4266.5,35.139,4270.1,60.3423,4266.4,137.0131,4270.2,400.1052,4266.3,267.9788,4270.3,72.7542
1757015233.7718441,1757015233442,1757015233442,4268.3,1.3722,4268.4,296.2246,4268.1,5.8563,4268.5,93.5097,4268.0,0.9138,4268.6,24.7597,4267.9,0.1172,4268.7,5.7489,4267.8,80.151,4268.8,384.7203,4267.7,44.6057,4268.9,291.3808,4267.6,142.1979,4269.0,366.3355,4267.5,120.5753,4269.1,124.0228,4267.4,84.5884,4269.2,579.471,4267.3,3.8,4269.3,239.2498,4267.2,212.4657,4269.4,108.207,4267.1,104.6006,4269.5,291.8401,4267.0,317.07,4269.6,162.3226,4266.9,213.4798,4269.7,379.2238,4266.8,32.9099,4269.8,221.0183,4266.7,221.2461,4269.9,137.5057,4266.6,69.3155,4270.0,321.1163,4266.5,35.139,4270.1,60.3423,4266.4,137.0131,4270.2,400.1052,4266.3,267.9788,4270.3,72.7542
1757015234.3229349,1757015233982,1757015233982,4268.3,1.3636,4268.4,296.3459,4268.1,5.8563,4268.5,93.5097,4268.0,0.9138,4268.6,48.5987,4267.9,0.1172,4268.7,5.7489,4267.8,80.151,4268.8,384.6515,4267.7,44.6057,4268.9,319.7071,4267.6,142.1979,4269.0,366.3355,4267.5,120.5753,4269.1,101.1772,4267.4,73.5308,4269.2,579.471,4267.3,7.3151,4269.3,239.2498,4267.2,281.0816,4269.4,177.4259,4267.1,104.6006,4269.5,291.8401,4267.0,317.07,4269.6,162.3226,4266.9,241.6298,4269.7,379.2238,4266.8,120.0784,4269.8,221.0183,4266.7,221.2461,4269.9,137.5057,4266.6,69.3155,4270.0,321.1163,4266.5,35.139,4270.1,60.3423,4266.4,137.0131,4270.2,441.1821,4266.3,267.9788,4270.3,72.7542
1757015234.870981,1757015234526,1757015234526,4268.3,7.1634,4268.4,298.6147,4268.0,14.9112,4268.5,93.5097,4267.9,0.1172,4268.6,48.5987,4267.8,81.5144,4268.7,28.8355,4267.7,30.6083,4268.8,407.229,4267.6,142.1979,4268.9,303.7259,4267.5,120.5753,4269.0,366.3355,4267.4,63.2464,4269.1,101.1772,4267.3,7.3151,4269.2,579.471,4267.2,257.6483,4269.3,225.2524,4267.1,92.8831,4269.4,177.4259,4267.0,317.07,4269.5,291.8401,4266.9,241.6298,4269.6,162.3226,4266.8,120.0784,4269.7,379.2238,4266.7,221.2461,4269.8,221.0183,4266.6,55.3181,4269.9,137.5057,4266.5,35.139,4270.0,321.1163,4266.4,137.0131,4270.1,60.3423,4266.3,267.9788,4270.2,441.1821,4266.2,8.3896,4270.3,75.1542
1757015235.5734446,1757015235147,1757015235147,4268.3,7.1634,4268.4,264.8831,4268.0,14.9112,4268.5,112.5063,4267.9,0.1172,4268.6,48.5987,4267.8,81.5144,4268.7,28.8355,4267.7,30.6083,4268.8,407.229,4267.6,196.4637,4268.9,303.7259,4267.5,124.0902,4269.0,366.3355,4267.4,35.4562,4269.1,101.1772,4267.3,7.3151,4269.2,579.471,4267.2,304.3697,4269.3,225.2524,4267.1,68.8964,4269.4,177.4259,4267.0,345.0778,4269.5,291.8401,4266.9,213.4798,4269.6,176.32,4266.8,120.0784,4269.7,379.2238,4266.7,262.2911,4269.8,221.0183,4266.6,55.3181,4269.9,137.5057,4266.5,49.1364,4270.0,321.3563,4266.4,137.0131,4270.1,60.3423,4266.3,267.9788,4270.2,441.1821,4266.2,8.3896,4270.3,72.7542
1757015235.9383752,1757015235554,1757015235554,4268.3,7.1844,4268.4,262.6831,4268.0,14.9112,4268.5,112.5063,4267.9,0.1172,4268.6,48.5987,4267.8,81.5144,4268.7,28.8355,4267.7,30.6083,4268.8,407.229,4267.6,196.4637,4268.9,303.7259,4267.5,120.5753,4269.0,366.3355,4267.4,35.4562,4269.1,101.1772,4267.3,7.3151,4269.2,579.471,4267.2,292.6525,4269.3,225.2524,4267.1,109.398,4269.4,177.4259,4267.0,322.9328,4269.5,291.8401,4266.9,213.4798,4269.6,176.32,4266.8,120.0784,4269.7,379.2238,4266.7,262.2911,4269.8,221.0183,4266.6,55.3181,4269.9,137.5057,4266.5,49.1364,4270.0,321.3563,4266.4,96.9635,4270.1,60.3423,4266.3,267.9788,4270.2,441.1821,4266.2,8.3896,4270.3,72.7542
1757015236.498416,1757015236118,1757015236118,4268.3,91.6526,4268.4,255.8219,4268.0,14.9112,4268.5,88.8243,4267.9,24.5715,4268.6,48.5987,4267.8,81.5144,4268.7,30.0662,4267.7,43.0625,4268.8,407.229,4267.6,196.4637,4268.9,303.7259,4267.5,120.5753,4269.0,366.3355,4267.4,55.738,4269.1,117.1776,4267.3,3.8,4269.2,579.471,4267.2,280.21,4269.3,225.2524,4267.1,109.3967,4269.4,177.4259,4267.0,322.9328,4269.5,291.8401,4266.9,213.4798,4269.6,176.32,4266.8,161.2132,4269.7,379.2238,4266.7,262.2911,4269.8,221.0183,4266.6,55.3181,4269.9,137.5057,4266.5,49.1364,4270.0,321.3563,4266.4,96.9635,4270.1,60.3423,4266.3,267.9788,4270.2,441.1821,4266.2,8.3896,4270.3,72.7542
1757015237.0037472,1757015236680,1757015236680,4268.3,7.1844,4268.4,255.9901,4268.0,14.9112,4268.5,111.7934,4267.9,24.5715,4268.6,46.2561,4267.8,81.5144,4268.7,30.0662,4267.7,43.0625,4268.8,407.229,4267.6,196.2294,4268.9,319.7263,4267.5,120.5753,4269.0,366.3355,4267.4,55.9252,4269.1,99.9219,4267.3,3.8,4269.2,579.471,4267.2,280.3972,4269.3,225.2524,4267.1,112.9119,4269.4,177.4259,4267.0,322.9328,4269.5,291.8401,4266.9,213.4798,4269.6,176.32,4266.8,161.2132,4269.7,379.2238,4266.7,262.2911,4269.8,221.0183,4266.6,55.3181,4269.9,137.5057,4266.5,49.1364,4270.0,321.3563,4266.4,96.9635,4270.1,60.3423,4266.3,267.9788,4270.2,441.1821,4266.2,8.3896,4270.3,72.7542
1757015237.5726433,1757015237191,1757015237191,4268.3,204.9002,4268.4,38.4387,4268.1,103.851,4268.5,0.0782,4268.0,177.7423,4268.6,2.6893,4267.9,48.2231,4268.7,11.9587,4267.8,145.511,4268.8,199.9358,4267.7,43.2497,4268.9,138.3158,4267.6,100.7206,4269.0,219.0531,4267.5,23.771,4269.1,9.1827,4267.4,30.872,4269.2,339.016,4267.3,81.8399,4269.3,91.695,4267.2,127.6016,4269.4,135.8016,4267.1,106.7575,4269.5,159.31,4267.0,322.9328,4269.6,620.5427,4266.9,223.2967,4269.7,41.5567,4266.8,162.147,4269.8,220.4847,4266.7,262.2911,4269.9,0.4219,4266.6,55.3181,4270.0,321.3563,4266.5,35.139,4270.1,60.3423,4266.4,96.9635,4270.2,441.1821,4266.3,267.9788,4270.3,72.7542
1757015238.0901415,1757015237724,1757015237724,4268.3,205.0102,4268.4,33.5032,4268.2,100.4079,4268.5,6.2758,4268.1,103.851,4268.6,17.1692,4268.0,177.7423,4268.7,11.9587,4267.9,64.3653,4268.8,70.3782,4267.8,145.7067,4268.9,298.554,4267.7,21.867,4269.0,14.2073,4267.6,83.4086,4269.1,86.575,4267.5,39.0011,4269.2,345.2717,4267.4,36.5091,4269.3,91.695,4267.3,3.8,4269.4,278.7777,4267.2,127.7116,4269.5,181.165,4267.1,106.7575,4269.6,620.6299,4267.0,294.925,4269.7,82.561,4266.9,223.2967,4269.8,239.1107,4266.8,176.1444,4269.9,54.6687,4266.7,262.2911,4270.0,321.3563,4266.6,15.5051,4270.1,60.3423,4266.5,35.139,4270.2,441.1821,4266.4,96.9635,4270.3,209.838
1757015238.5668252,1757015238268,1757015238268,4268.3,384.5303,4268.4,32.7558,4268.2,100.4079,4268.5,6.2758,4268.1,28.7936,4268.6,2.6893,4268.0,79.3492,4268.7,8.4449,4267.9,64.3653,4268.8,116.2499,4267.8,145.7067,4268.9,138.3158,4267.7,23.5069,4269.0,14.2073,4267.6,106.6309,4269.1,86.575,4267.5,3.5149,4269.2,95.7015,4267.4,36.7199,4269.3,14.408,4267.3,226.3784,4269.4,468.556,4267.2,139.4288,4269.5,112.0522,4267.1,77.9734,4269.6,357.0862,4267.0,294.925,4269.7,139.9117,4266.9,13.0067,4269.8,376.1945,4266.8,176.1444,4269.9,167.123,4266.7,221.2461,4270.0,321.3563,4266.6,15.5051,4270.1,60.3423,4266.5,35.139,4270.2,318.0957,4266.4,96.9635,4270.3,346.9218
1757015239.1826568,1757015238839,1757015238839,4268.3,403.3073,4268.4,10.4143,4268.2,32.5599,4268.5,0.0782,4268.1,28.7936,4268.6,0.1171,4268.0,280.326,4268.7,20.4768,4267.9,87.5052,4268.9,137.0838,4267.8,131.5047,4269.0,2.3485,4267.7,52.6971,4269.1,5.8553,4267.6,70.3435,4269.2,26.7367,4267.5,214.0598,4269.3,10.0899,4267.4,104.552,4269.4,68.2828,4267.3,235.565,4269.5,106.2046,4267.2,322.7409,4269.6,298.1947,4267.1,68.7864,4269.7,299.1254,4267.0,254.1355,4269.8,229.5335,4266.9,39.971,4269.9,263.9574,4266.8,213.8001,4270.0,321.1163,4266.7,221.2461,4270.1,114.2327,4266.6,14.7286,4270.2,303.8583,4266.5,34.5185,4270.3,223.8354,4266.4,97.8402,4270.4,151.2698
1757015239.7001116,1757015239359,1757015239359,4268.3,566.2672,4268.4,8.7737,4268.2,92.6847,4268.5,0.0391,4268.1,44.0215,4268.7,6.798,4268.0,283.6533,4268.9,0.6446,4267.9,80.9508,4269.2,24.9863,4267.8,3.8581,4269.3,0.0522,4267.7,13.3603,4269.4,95.445,4267.6,152.8122,4269.5,28.9218,4267.5,212.2997,4269.6,207.0041,4267.4,163.5329,4269.7,23.0439,4267.3,268.0763,4269.8,161.2172,4267.2,299.9886,4269.9,317.3247,4267.1,69.4375,4270.0,110.3685,4267.0,217.4516,4270.1,71.8086,4266.9,89.1124,4270.2,261.7854,4266.8,215.0515,4270.3,452.1374,4266.7,221.2461,4270.4,151.2508,4266.6,14.7286,4270.5,41.8489,4266.5,34.5185,4270.6,1.2049,4266.4,99.1749,4270.7,137.119
1757015240.753258,1757015240060,1757015240060,4269.0,20.1544,4269.1,2.6975,4268.9,20.1541,4269.2,6.2397,4268.8,82.7043,4269.3,9.3685,4268.7,94.6361,4269.4,16.8203,4268.6,115.0755,4269.5,125.5892,4268.5,128.6964,4269.6,292.273,4268.4,119.6629,4269.7,48.3652,4268.3,594.8301,4269.8,182.6569,4268.2,265.3482,4269.9,218.9732,4268.1,243.1677,4270.0,142.4349,4268.0,307.7133,4270.1,370.7391,4267.9,40.3543,4270.2,364.5239,4267.8,3.8581,4270.3,200.0211,4267.7,36.5049,4270.4,161.0677,4267.6,152.8122,4270.5,178.9327,4267.5,212.2997,4270.6,132.1453,4267.4,163.5329,4270.7,347.8745,4267.3,57.9015,4270.8,252.9459,4267.2,253.0812,4270.9,50.137,4267.1,69.4964,4271.0,261.1871
1757015240.8867931,1757015240464,1757015240464,4269.1,11.9591,4269.2,12.0948,4269.0,235.018,4269.3,9.3685,4268.9,139.5895,4269.4,16.8203,4268.8,140.1508,4269.5,125.5892,4268.7,137.0978,4269.6,300.5779,4268.6,222.4887,4269.7,0.0688,4268.5,168.2109,4269.8,76.823,4268.4,152.9571,4269.9,141.6964,4268.3,514.665,4270.0,142.4349,4268.2,176.7906,4270.1,448.0123,4268.1,217.9875,4270.2,148.4421,4268.0,270.5236,4270.3,200.0211,4267.9,9.8169,4270.4,161.0677,4267.8,4.0981,4270.5,236.2283,4267.7,36.5049,4270.6,132.1453,4267.6,161.9981,4270.7,347.8745,4267.5,212.2997,4270.8,252.9459,4267.4,91.6794,4270.9,50.137,4267.3,56.445,4271.0,261.1871,4267.2,247.5812,4271.1,67.3057
1757015241.3186417,1757015240884,1757015240884,4269.1,374.9814,4269.2,15.2237,4269.0,375.4289,4269.3,3.5134,4268.9,60.1943,4269.4,18.8941,4268.8,225.9309,4269.5,121.3805,4268.7,71.8225,4269.6,300.5779,4268.6,212.9263,4269.7,23.4342,4268.5,75.4212,4269.8,76.823,4268.4,291.1117,4269.9,164.6818,4268.3,214.2984,4270.0,170.5308,4268.2,176.7906,4270.1,448.889,4268.1,214.3741,4270.2,148.4421,4268.0,258.8099,4270.3,200.0211,4267.9,9.8169,4270.4,161.0677,4267.8,6.2143,4270.5,235.3516,4267.7,36.5049,4270.6,173.2964,4267.6,152.1981,4270.7,347.8745,4267.5,212.2997,4270.8,252.9459,4267.4,91.6794,4270.9,49.937,4267.3,14.7471,4271.0,311.1871,4267.2,247.4712,4271.1,67.3057
1757015241.9503348,1757015241473,1757015241473,4269.1,40.4812,4269.2,72.2554,4269.0,240.2701,4269.3,4.8768,4268.8,161.2872,4269.4,18.8941,4268.6,10.8463,4269.5,434.7701,4268.5,98.3784,4269.6,311.9476,4268.4,71.8124,4269.7,23.6213,4268.3,28.5629,4269.8,104.2386,4268.2,173.0892,4269.9,218.9476,4268.1,38.4316,4270.0,170.5308,4268.0,58.4138,4270.1,433.9627,4267.9,4.04,4270.2,256.7687,4267.8,156.1515,4270.3,270.8537,4267.7,48.2208,4270.4,338.1888,4267.6,139.5077,4270.5,219.3649,4267.5,0.24,4270.6,118.1479,4267.4,91.6794,4270.7,347.8745,4267.3,224.9303,4270.8,252.9459,4267.2,110.1474,4270.9,49.937,4267.1,68.8453,4271.0,311.1871,4267.0,277.5158,4271.1,67.3057
1757015242.4896393,1757015242062,1757015242062,4268.5,65.829,4268.6,299.9783,4268.4,14.2374,4268.7,169.7669,4268.3,130.0786,4268.8,157.6394,4268.2,29.2936,4268.9,96.6705,4268.1,109.7943,4269.0,157.835,4268.0,77.5461,4269.1,142.3198,4267.9,64.9418,4269.2,211.8362,4267.8,150.3729,4269.3,125.4758,4267.7,1.6445,4269.4,26.9971,4267.6,62.393,4269.5,394.7663,4267.5,3.7549,4269.6,438.2972,4267.4,82.8238,4269.7,33.4907,4267.3,217.8213,4269.8,244.7199,4267.2,110.2574,4269.9,248.6972,4267.1,78.6453,4270.0,110.3685,4267.0,212.4172,4270.1,258.3423,4266.9,14.5152,4270.2,120.5247,4266.8,30.5203,4270.3,241.2835,4266.7,78.2768,4270.4,338.1888,4266.6,2.8239,4270.5,221.7079
1757015243.0755243,1757015242657,1757015242657,4268.5,60.7248,4268.6,145.7492,4268.4,46.4263,4268.7,9.5261,4268.3,76.8753,4268.8,3.6702,4268.2,110.3125,4268.9,142.0782,4268.1,25.1311,4269.0,29.9473,4268.0,89.4026,4269.1,78.8643,4267.9,136.719,4269.2,24.8312,4267.8,0.9291,4269.3,78.6505,4267.7,31.2096,4269.4,220.814,4267.6,155.1336,4269.5,195.6209,4267.5,355.8658,4269.6,415.1639,4267.4,96.8719,4269.7,35.6209,4267.3,227.0079,4269.8,358.762,4267.2,76.4386,4269.9,402.1062,4267.1,80.5039,4270.0,124.3659,4267.0,279.5428,4270.1,260.6853,4266.9,193.2317,4270.2,121.0583,4266.8,53.9167,4270.3,63.3546,4266.7,78.3357,4270.4,161.0867,4266.6,17.0276,4270.5,43.3152
1757015243.6601532,1757015243165,1757015243165,4268.5,384.4508,4268.6,70.7812,4268.4,84.64,4268.7,0.0391,4268.3,24.1679,4268.8,3.5529,4268.2,22.6213,4268.9,3.5137,4268.1,25.1311,4269.0,14.4387,4268.0,216.1172,4269.1,2.3106,4267.9,38.323,4269.2,24.8834,4267.8,26.8487,4269.3,7.3712,4267.7,31.2096,4269.4,14.1488,4267.6,214.7298,4269.5,145.3466,4267.5,204.3382,4269.6,150.4025,4267.4,89.0664,4269.7,211.2414,4267.3,238.7249,4269.8,355.1774,4267.2,150.2859,4269.9,321.6073,4267.1,121.0801,4270.0,151.3567,4267.0,280.2376,4270.1,60.212,4266.9,62.0327,4270.2,247.6456,4266.8,53.9167,4270.3,63.3546,4266.7,78.3357,4270.4,161.0867,4266.6,60.3045,4270.5,93.3152
1757015244.1249826,1757015243713,1757015243713,4268.5,539.1606,4268.6,8.8871,4268.4,104.5397,4268.7,0.0391,4268.3,30.0155,4268.8,0.0391,4268.2,0.3742,4269.0,13.0169,4268.1,225.7144,4269.1,1.1798,4268.0,124.6136,4269.2,0.5997,4267.9,0.24,4269.3,6.512,4267.8,26.0141,4269.4,14.1488,4267.7,224.2045,4269.5,185.1062,4267.6,109.9078,4269.6,159.5841,4267.5,200.8233,4269.7,64.6903,4267.4,226.8052,4269.8,100.2134,4267.3,18.6685,4269.9,246.9408,4267.2,149.6032,4270.0,13.0899,4267.1,122.0139,4270.1,188.2849,4267.0,214.5177,4270.2,139.9392,4266.9,20.4589,4270.3,263.9379,4266.8,53.2909,4270.4,161.0867,4266.7,123.6682,4270.5,358.9862,4266.6,61.7411,4270.6,269.2152
1757015244.5742228,1757015244289,1757015244289,4268.5,543.034,4268.6,8.2279,4268.4,104.9586,4268.7,0.0391,4268.3,30.0155,4268.8,0.0391,4268.2,94.8712,4269.0,0.1171,4268.1,259.7284,4269.2,0.3587,4268.0,81.7048,4269.4,124.5906,4267.9,19.4753,4269.5,162.3483,4267.8,85.4291,4269.6,183.0737,4267.7,236.5824,4269.7,9.8,4267.6,181.774,4269.8,92.0518,4267.5,212.5397,4269.9,194.1978,4267.4,162.227,4270.0,111.37,4267.3,18.6685,4270.1,251.0312,4267.2,107.9828,4270.2,404.7175,4267.1,81.4377,4270.3,63.3546,4267.0,296.5677,4270.4,151.2508,4266.9,20.4,4270.5,343.0021,4266.8,189.7159,4270.6,310.0239,4266.7,123.6682,4270.7,126.3491,4266.6,61.9711,4270.8,264.6394
1757015245.5054286,1757015244964,1757015244964,4268.6,719.3886,4268.7,0.0173,4268.5,179.193,4268.8,0.0391,4268.4,102.7086,4269.0,0.1171,4268.3,24.1679,4269.1,5.8552,4268.2,243.94,4269.2,3.8722,4268.1,60.4505,4269.3,40.8906,4268.0,69.2572,4269.4,117.5559,4267.9,9.4253,4269.5,216.2207,4267.8,76.2334,4269.6,180.1276,4267.7,236.5824,4269.7,87.0792,4267.6,212.3574,4269.8,167.6619,4267.5,212.5397,4269.9,218.7473,4267.4,20.5782,4270.0,426.2539,4267.3,14.0605,4270.1,173.758,4267.2,108.0417,4270.2,341.5917,4267.1,81.4377,4270.3,87.1689,4267.0,296.5088,4270.4,167.2246,4266.9,20.4,4270.5,383.0724,4266.8,52.6321,4270.6,296.0265,4266.7,123.9025,4270.7,126.3491
1757015246.0064235,1757015245441,1757015245441,4268.6,569.2682,4268.8,11.7137,4268.5,183.7011,4269.0,0.1171,4268.4,176.1327,4269.2,3.8722,4268.3,24.1789,4269.3,54.9438,4268.2,282.004,4269.4,117.5559,4268.1,36.6828,4269.5,162.6514,4268.0,70.4738,4269.6,164.1581,4267.9,9.4253,4269.7,85.4101,4267.8,133.8526,4269.8,167.6619,4267.7,236.5824,4269.9,302.7896,4267.6,103.4423,4270.0,426.2539,4267.5,212.5397,4270.1,173.758,4267.4,20.5782,4270.2,341.5917,4267.3,14.0605,4270.3,87.1689,4267.2,108.0417,4270.4,192.912,4267.1,81.4377,4270.5,383.0724,4267.0,296.5088,4270.6,296.0265,4266.9,70.0157,4270.7,126.3491,4266.8,52.6321,4270.8,264.6394,4266.7,123.0258,4270.9,187.0208
1757015246.3341417,1757015245973,1757015245973,4268.7,587.6218,4268.8,0.0019,4268.6,250.8735,4269.0,0.1171,4268.5,43.0101,4269.1,12.0007,4268.4,96.2384,4269.2,0.0688,4268.3,250.3182,4269.3,5.855,4268.2,209.0434,4269.4,14.1488,4268.1,35.9902,4269.5,162.6514,4268.0,77.0668,4269.6,70.7209,4267.9,9.4253,4269.7,9.8,4267.8,183.6746,4269.8,253.1083,4267.7,278.894,4269.9,81.7026,4267.6,97.9423,4270.0,164.5668,4267.5,212.5397,4270.1,178.366,4267.4,20.5782,4270.2,341.5917,4267.3,151.1443,4270.3,63.3546,4267.2,108.0417,4270.4,151.2508,4267.1,81.4377,4270.5,309.4352,4267.0,297.8214,4270.6,296.0265,4266.9,22.0666,4270.7,126.3491,4266.8,52.6321,4270.8,475.35
1757015246.8174958,1757015246473,1757015246473,4268.7,615.881,4268.8,0.0019,4268.6,223.8158,4269.4,3.5202,4268.5,43.7992,4269.5,142.9385,4268.4,187.2863,4269.6,13.1873,4268.3,227.8641,4269.7,52.0547,4268.2,80.7128,4269.8,55.5868,4268.1,0.6708,4269.9,57.1137,4268.0,91.1892,4270.0,188.3614,4267.9,0.24,4270.1,327.5632,4267.8,320.7584,4270.2,361.1764,4267.7,278.894,4270.3,187.5411,4267.6,126.8284,4270.4,392.9342,4267.5,212.5397,4270.5,90.9722,4267.4,21.9005,4270.6,255.1648,4267.3,155.8886,4270.7,56.1085,4267.2,126.6656,4270.8,489.3474,4267.1,81.432,4270.9,51.0335,4267.0,297.8214,4271.0,197.7246,4266.9,26.224,4271.1,79.2124,4266.8,189.7159,4271.2,155.3804
1757015247.5871117,1757015247037,1757015247037,4269.4,4.909,4269.5,0.0894,4269.3,32.048,4269.7,1.232,4269.2,75.2367,4269.8,0.7583,4269.1,82.2141,4269.9,5.8588,4269.0,97.236,4270.0,0.7232,4268.9,110.1923,4270.1,3.4515,4268.8,116.2479,4270.2,175.1137,4268.7,888.6578,4270.3,7.7022,4268.6,275.339,4270.4,97.038,4268.5,51.3441,4270.5,87.8052,4268.4,157.5805,4270.6,118.2722,4268.3,236.0641,4270.7,78.8649,4268.2,26.2118,4270.8,76.057,4268.1,12.3856,4270.9,163.4096,4268.0,181.0963,4271.0,323.6626,4267.9,46.1346,4271.1,66.853,4267.8,321.4673,4271.2,154.9914,4267.7,129.3734,4271.3,244.7564,4267.6,127.2095,4271.4,283.3565,4267.5,212.5397,4271.5,125.1164
1757015248.1991377,1757015247563,1757015247563,4269.7,301.6999,4269.8,11.7136,4269.6,206.8608,4269.9,11.7144,4269.5,220.7229,4270.0,53.41,4269.4,114.5086,4270.1,207.13,4269.3,17.7054,4270.2,11.9639,4269.2,212.8645,4270.3,85.885,4269.1,81.1229,4270.4,259.0952,4269.0,77.6064,4270.5,446.2319,4268.9,3.5815,4270.6,19.8014,4268.8,343.944,4270.7,81.1788,4268.7,264.5686,4270.8,213.1408,4268.6,101.0966,4270.9,94.2142,4268.5,12.9932,4271.0,242.0776,4268.4,357.6932,4271.1,76.705,4268.3,212.3085,4271.2,247.7416,4268.2,43.1725,4271.3,287.7859,4268.1,12.3856,4271.4,283.3565,4268.0,183.4396,4271.5,262.2002,4267.9,52.2698,4271.6,10.509,4267.8,162.7674,4271.7,12.2457
1757015248.6974761,1757015248229,1757015248229,4269.7,228.0153,4269.8,4.6931,4269.6,36.287,4269.9,17.6812,4269.5,56.5075,4270.0,46.4056,4269.4,63.9475,4270.1,164.071,4269.3,0.9258,4270.2,136.7761,4269.2,69.2807,4270.3,8.616,4269.1,77.5413,4270.4,247.2592,4269.0,199.5543,4270.5,172.5044,4268.8,126.7426,4270.6,219.4987,4268.7,205.3358,4270.7,10.8036,4268.6,48.7097,4270.8,428.609,4268.5,22.3549,4270.9,97.2278,4268.4,354.1791,4271.0,379.1614,4268.3,212.2975,4271.1,116.914,4268.2,43.1725,4271.2,247.7416,4268.1,14.117,4271.3,246.8997,4268.0,160.8327,4271.4,283.8365,4267.9,52.2698,4271.5,262.2002,4267.8,224.563,4271.6,9.1587,4267.7,142.0085,4271.7,12.0457
1757015249.0660481,1757015248714,1757015248714,4269.7,218.5876,4269.8,18.7437,4269.6,18.1108,4269.9,17.6812,4269.5,3.8,4270.0,46.4056,4269.4,18.6286,4270.1,164.071,4269.3,53.6179,4270.2,136.7761,4269.2,0.2462,4270.3,8.9059,4269.1,77.5413,4270.4,247.2592,4269.0,158.1351,4270.5,172.5044,4268.8,126.7426,4270.6,219.4987,4268.7,205.3358,4270.7,226.8146,4268.6,48.7097,4270.8,399.5632,4268.5,18.8408,4270.9,97.2278,4268.4,265.7749,4271.0,379.166,4268.3,252.4331,4271.1,116.914,4268.2,43.1725,4271.2,247.7416,4268.1,54.3587,4271.3,249.2997,4268.0,160.8327,4271.4,283.8365,4267.9,52.2698,4271.5,262.2002,4267.8,224.563,4271.6,9.1587,4267.7,142.0085,4271.7,12.0457
1757015249.6446826,1757015249235,1757015249235,4269.7,101.3679,4269.8,16.4018,4269.6,66.6885,4269.9,32.904,4269.5,80.7691,4270.0,63.6287,4269.4,17.1199,4270.1,152.3624,4269.3,54.9813,4270.2,84.0918,4269.2,76.3777,4270.3,78.7733,4269.1,23.2889,4270.4,271.0578,4269.0,190.6744,4270.5,201.3759,4268.9,3.5137,4270.6,257.757,4268.8,328.9778,4270.7,257.9143,4268.7,208.8497,4270.8,414.8498,4268.6,64.1543,4270.9,97.1178,4268.5,15.2716,4271.0,389.9961,4268.4,393.8106,4271.1,116.914,4268.3,252.5431,4271.2,309.5438,4268.2,43.1725,4271.3,246.8997,4268.1,61.2574,4271.4,283.8365,4268.0,125.13,4271.5,262.2002,4267.9,7.7551,4271.6,9.1587,4267.8,224.563,4271.7,12.0457
1757015250.7495577,1757015249977,1757015249977,4269.7,103.7226,4269.8,16.9327,4269.6,89.8733,4269.9,32.904,4269.5,80.7691,4270.0,63.6287,4269.4,3.0053,4270.1,152.3624,4269.3,2.2892,4270.2,84.0918,4269.2,50.9019,4270.3,78.7733,4269.1,23.2889,4270.4,271.0578,4269.0,190.7905,4270.5,201.3759,4268.9,72.9196,4270.6,257.757,4268.8,328.9778,4270.7,273.8746,4268.7,220.5628,4270.8,414.8498,4268.6,60.6403,4270.9,97.1178,4268.5,15.2716,4271.0,389.9961,4268.4,393.8106,4271.1,116.914,4268.3,264.2573,4271.2,323.5412,4268.2,43.1725,4271.3,246.8997,4268.1,61.2574,4271.4,283.8365,4268.0,125.13,4271.5,262.2002,4267.9,7.7551,4271.6,9.1587,4267.8,224.563,4271.7,12.0457
1757015250.7506363,1757015250391,1757015250391,4269.7,103.7226,4269.8,16.9327,4269.6,89.8733,4269.9,32.904,4269.5,3.4865,4270.0,63.6287,4269.4,3.0053,4270.1,152.3624,4269.3,79.5709,4270.2,84.0918,4269.2,50.9019,4270.3,78.7382,4269.1,23.2889,4270.4,271.0578,4269.0,190.7905,4270.5,210.5556,4268.9,69.4059,4270.6,257.757,4268.8,328.9778,4270.7,273.8746,4268.7,208.8497,4270.8,414.8498,4268.6,60.6403,4270.9,97.1178,4268.5,15.2716,4271.0,389.9961,4268.4,393.8106,4271.1,116.914,4268.3,264.2573,4271.2,323.5412,4268.2,43.1725,4271.3,246.8997,4268.1,61.2574,4271.4,283.8365,4268.0,125.13,4271.5,262.2002,4267.9,7.7551,4271.6,9.1587,4267.8,224.563,4271.7,12.0457
1757015251.2446706,1757015250927,1757015250927,4269.7,18.3783,4269.8,16.6428,4269.6,15.0434,4269.9,32.904,4269.5,3.4865,4270.0,63.6287,4269.4,39.0277,4270.1,152.3624,4269.3,132.2625,4270.2,84.0918,4269.2,50.9019,4270.3,78.7382,4269.1,23.2769,4270.4,271.0578,4269.0,194.3042,4270.5,226.5159,4268.9,72.9196,4270.6,257.757,4268.8,328.9778,4270.7,257.9143,4268.7,208.8497,4270.8,414.8498,4268.6,141.4503,4270.9,97.1178,4268.5,15.2716,4271.0,389.9961,4268.4,393.8106,4271.1,116.8789,4268.3,264.2573,4271.2,323.5412,4268.2,43.1725,4271.3,246.8997,4268.1,61.2574,4271.4,283.8365,4268.0,125.13,4271.5,262.2002,4267.9,7.7551,4271.6,9.1587,4267.8,224.563,4271.7,12.0457
1757015251.8061287,1757015251485,1757015251485,4269.7,123.5151,4269.8,16.9327,4269.6,25.5595,4269.9,32.904,4269.5,3.4865,4270.0,63.6287,4269.4,39.0157,4270.1,152.3624,4269.3,132.2505,4270.2,84.0918,4269.2,50.8899,4270.3,78.7382,4269.1,23.2769,4270.4,271.0578,4269.0,194.3042,4270.5,210.5556,4268.9,72.9196,4270.6,257.757,4268.8,328.9778,4270.7,226.8141,4268.7,232.2745,4270.8,414.8498,4268.6,145.2683,4270.9,97.1178,4268.5,26.9853,4271.0,423.5147,4268.4,393.8106,4271.1,116.8789,4268.3,264.2573,4271.2,323.5412,4268.2,43.1725,4271.3,246.8997,4268.1,61.2574,4271.4,283.8365,4268.0,151.5205,4271.5,262.2002,4267.9,7.7551,4271.6,9.1587,4267.8,224.563,4271.7,12.0457
1757015252.553711,1757015252120,1757015252120,4269.7,125.6811,4269.8,16.6428,4269.6,15.0434,4269.9,32.904,4269.5,3.4865,4270.0,63.6287,4269.4,39.0157,4270.1,152.3624,4269.3,132.2505,4270.2,84.0918,4269.2,50.8899,4270.3,78.7382,4269.1,23.2769,4270.4,271.0578,4269.0,194.3042,4270.5,210.5556,4268.9,72.9196,4270.6,257.757,4268.8,328.9778,4270.7,226.8141,4268.7,217.0489,4270.8,414.8498,4268.6,145.2683,4270.9,97.1178,4268.5,26.9853,4271.0,423.5147,4268.4,393.8106,4271.1,116.8789,4268.3,264.2573,4271.2,323.5412,4268.2,43.1725,4271.3,246.8997,4268.1,61.2574,4271.4,283.8365,4268.0,151.5205,4271.5,262.2002,4267.9,7.7551,4271.6,9.1587,4267.8,224.563,4271.7,12.0808
1757015253.1271648,1757015252667,1757015252667,4269.7,123.4463,4269.8,13.4197,4269.6,67.7346,4269.9,32.904,4269.5,26.7831,4270.0,63.6287,4269.4,60.529,4270.1,152.3624,4269.3,101.3718,4270.2,84.0918,4269.2,50.8899,4270.3,26.055,4269.1,149.9381,4270.4,344.8843,4269.0,194.3042,4270.5,210.5556,4268.9,72.9196,4270.6,257.757,4268.8,340.6906,4270.7,226.8141,4268.7,90.563,4270.8,414.8498,4268.6,145.2683,4270.9,97.3048,4268.5,26.9853,4271.0,446.9256,4268.4,393.8106,4271.1,116.8789,4268.3,264.2573,4271.2,323.5412,4268.2,43.1725,4271.3,246.8997,4268.1,21.0508,4271.4,283.8365,4268.0,151.5205,4271.5,262.2002,4267.9,7.7551,4271.6,9.1587,4267.8,224.563,4271.7,12.0808
1757015253.7599602,1757015253273,1757015253273,4269.7,123.5151,4269.8,22.7465,4269.6,81.7497,4269.9,21.1942,4269.5,26.7831,4270.0,67.1415,4269.4,60.529,4270.1,152.3624,4269.3,101.3718,4270.2,84.0918,4269.2,96.9115,4270.3,26.055,4269.1,149.9381,4270.4,373.6546,4269.0,194.3042,4270.5,181.6841,4268.9,72.9196,4270.6,257.757,4268.8,218.1501,4270.7,226.8141,4268.7,74.4342,4270.8,414.8498,4268.6,145.3034,4270.9,97.3048,4268.5,68.3844,4271.0,446.9256,4268.4,393.8106,4271.1,116.8789,4268.3,264.2573,4271.2,323.5412,4268.2,43.1725,4271.3,246.8997,4268.1,21.0508,4271.4,283.8365,4268.0,151.5205,4271.5,262.2002,4267.9,7.7551,4271.6,9.1587,4267.8,224.563,4271.7,12.0808
1757015254.213667,1757015253795,1757015253795,4269.7,545.6805,4269.8,0.0411,4269.6,30.4109,4270.0,0.4683,4269.5,3.6736,4270.1,1.3,4269.4,66.5637,4270.2,11.8269,4269.3,24.0901,4270.3,0.8502,4269.2,121.0288,4270.4,0.3237,4269.1,22.5198,4270.6,152.1048,4269.0,281.8382,4270.7,10.8027,4268.9,90.3017,4270.8,147.7602,4268.8,234.329,4270.9,143.6026,4268.7,48.6689,4271.0,160.9894,4268.6,144.9358,4271.1,89.8429,4268.5,113.532,4271.2,323.5897,4268.4,188.8444,4271.3,43.7381,4268.3,361.2055,4271.4,309.1931,4268.2,44.5612,4271.5,54.6497,4268.1,20.9919,4271.6,8.9187,4268.0,151.5205,4271.7,352.2569,4267.9,7.7551,4271.8,342.077,4267.8,86.166,4271.9,139.666
1757015254.7187192,1757015254369,1757015254369,4269.7,602.4623,4269.8,0.0371,4269.6,23.74,4270.0,0.4683,4269.5,3.6736,4270.1,1.3,4269.4,103.1873,4270.2,11.7091,4269.3,224.6734,4270.3,4.3628,4269.2,100.8499,4270.4,3.8362,4269.1,11.952,4270.5,13.1116,4269.0,281.8382,4270.6,24.3209,4268.9,102.0143,4270.7,35.6411,4268.8,234.329,4270.8,28.6486,4268.7,48.7278,4270.9,143.6026,4268.6,25.1446,4271.0,199.7711,4268.5,113.532,4271.1,334.9409,4268.4,185.2036,4271.2,308.0191,4268.3,362.4169,4271.3,43.7381,4268.2,44.5023,4271.4,134.816,4268.1,20.9919,4271.5,54.6497,4268.0,104.3111,4271.6,209.502,4267.9,8.6318,4271.7,352.2569,4267.8,86.166,4271.8,115.6777
1757015255.7642756,1757015255153,1757015255153,4269.9,35.7318,4270.0,238.0225,4269.7,7.2597,4270.1,2.6634,4269.6,0.011,4270.2,78.1849,4269.5,5.7365,4270.3,59.3608,4269.3,1.3634,4270.4,167.2241,4269.2,98.3658,4270.5,158.8248,4269.1,341.0101,4270.6,383.3913,4269.0,6.9767,4270.7,471.9387,4268.9,85.8017,4270.8,195.854,4268.8,113.2215,4270.9,324.7795,4268.7,13.0334,4271.0,207.7442,4268.6,176.7926,4271.1,532.4635,4268.5,23.6641,4271.2,82.0593,4268.4,131.4734,4271.3,222.1435,4268.3,53.4192,4271.4,313.6606,4268.2,24.3539,4271.5,124.8755,4268.1,261.7127,4271.6,347.0558,4268.0,77.4189,4271.7,15.1446,4267.9,10.145,4271.8,100.5626,4267.8,76.3491,4271.9,2.5822
1757015255.9831948,1757015255517,1757015255517,4269.9,0.8645,4270.0,269.7314,4269.7,1.4053,4270.1,7.5395,4269.6,5.8654,4270.2,154.889,4269.5,5.7365,4270.3,59.3608,4269.3,1.8717,4270.4,232.8693,4269.2,90.5397,4270.5,149.7629,4269.1,129.9865,4270.6,512.9509,4269.0,40.6575,4270.7,481.6209,4268.9,16.3958,4270.8,209.8514,4268.8,116.7353,4270.9,324.7795,4268.7,16.5473,4271.0,203.7572,4268.6,192.0055,4271.1,532.4635,4268.5,35.3778,4271.2,82.0593,4268.4,55.0107,4271.3,222.1435,4268.3,65.1334,4271.4,313.6606,4268.2,24.4639,4271.5,124.8755,4268.1,462.296,4271.6,347.0558,4268.0,77.4189,4271.7,15.1446,4267.9,10.145,4271.8,100.5626,4267.8,76.3491,4271.9,3.4589
1757015256.4677548,1757015256065,1757015256065,4269.4,5.8548,4269.5,54.441,4269.3,1.3634,4269.6,94.2267,4269.0,158.7892,4269.7,425.7087,4268.9,51.0968,4269.8,408.6522,4268.8,44.0927,4269.9,228.453,4268.7,10.848,4270.0,486.0247,4268.6,176.7533,4270.1,27.6492,4268.5,23.6641,4270.2,219.5198,4268.4,64.9102,4270.3,101.774,4268.3,19.0132,4270.4,480.0007,4268.2,292.0839,4270.5,30.0474,4268.1,202.9617,4270.6,489.8326,4268.0,69.1905,4270.7,339.8975,4267.9,17.9105,4270.8,425.2843,4267.8,287.1999,4270.9,279.5899,4267.7,57.4278,4271.0,203.7572,4267.6,142.4466,4271.1,325.5679,4267.5,215.8915,4271.2,82.0593,4267.4,8.8666,4271.3,180.8409,4267.3,356.5742,4271.4,271.976
1757015256.9629533,1757015256614,1757015256614,4268.6,11.2211,4268.7,43.7402,4268.5,5.8559,4268.8,23.7825,4268.4,36.0879,4268.9,25.4406,4268.2,73.4984,4269.0,33.8673,4268.1,77.3068,4269.1,31.4756,4268.0,169.9233,4269.2,103.5721,4267.9,78.3468,4269.3,99.4527,4267.8,1.53,4269.4,546.813,4267.7,141.176,4269.5,823.5042,4267.6,128.6597,4269.6,407.5355,4267.5,23.6699,4269.7,40.6566,4267.4,222.7546,4269.8,453.7679,4267.3,14.0605,4269.9,99.8265,4267.2,59.1317,4270.0,280.0906,4267.1,67.3713,4270.1,62.7693,4267.0,212.349,4270.2,516.4126,4266.9,101.6803,4270.3,102.5808,4266.8,42.5478,4270.4,352.3857,4266.7,56.8439,4270.5,54.7928,4266.6,538.0972,4270.6,604.1408
1757015257.5907557,1757015257140,1757015257140,4268.6,150.3062,4268.7,270.4963,4268.4,24.429,4268.8,4.942,4268.3,198.256,4268.9,4.9844,4268.2,179.1977,4269.0,64.4131,4268.1,254.3715,4269.1,25.0616,4268.0,116.4526,4269.2,19.3135,4267.9,44.5976,4269.3,356.9317,4267.8,80.7848,4269.4,340.1749,4267.7,260.0406,4269.5,371.555,4267.6,135.9434,4269.6,228.1814,4267.5,253.5836,4269.7,147.8609,4267.4,14.4511,4269.8,118.3097,4267.3,14.1194,4269.9,166.7158,4267.2,13.9067,4270.0,149.3931,4267.1,109.7961,4270.1,306.3734,4267.0,252.2794,4270.2,123.8428,4266.9,156.0763,4270.3,101.9985,4266.8,43.0502,4270.4,165.5884,4266.7,102.5384,4270.5,224.6272,4266.6,538.1015,4270.6,214.8942
1757015258.0786374,1757015257700,1757015257700,4268.6,231.1866,4268.7,109.6769,4268.5,7.0582,4268.8,0.0854,4268.4,89.8412,4268.9,3.5564,4268.3,121.199,4269.0,34.3923,4268.2,163.1904,4269.1,14.3081,4268.1,3.7544,4269.2,57.0261,4268.0,113.6589,4269.3,0.0854,4267.9,48.165,4269.4,296.495,4267.8,141.3324,4269.5,378.5667,4267.7,236.1604,4269.6,275.4316,4267.6,132.646,4269.7,51.605,4267.5,224.1791,4269.8,0.241,4267.4,26.1724,4269.9,303.7996,4267.3,54.9821,4270.0,149.3931,4267.2,13.9067,4270.1,504.755,4267.1,123.7935,4270.2,81.6278,4267.0,212.1148,4270.3,101.9985,4266.9,167.7944,4270.4,205.9775,4266.8,205.6111,4270.5,224.6272,4266.7,118.017,4270.6,214.8942
1757015258.5423822,1757015258215,1757015258215,4268.6,463.7729,4268.7,64.6053,4268.5,7.3287,4268.8,0.0427,4268.4,146.7312,4268.9,0.0427,4268.3,28.6638,4269.1,14.2654,4268.2,163.1904,4269.2,85.4934,4268.1,200.8233,4269.3,5.8551,4268.0,103.3848,4269.4,159.0471,4267.9,22.9438,4269.5,276.248,4267.8,148.6209,4269.6,35.9129,4267.7,236.1604,4269.7,76.1118,4267.6,132.646,4269.8,208.8634,4267.5,352.0768,4269.9,219.1935,4267.4,26.1724,4270.0,162.5958,4267.3,67.7787,4270.1,276.2612,4267.2,13.9067,4270.2,43.507,4267.1,83.4778,4270.3,228.44,4267.0,294.8007,4270.4,205.9775,4266.9,167.7944,4270.5,238.7346,4266.8,206.0811,4270.6,214.8942,4266.7,118.017,4270.7,96.5228
1757015259.212601,1757015258840,1757015258840,4268.6,463.7729,4268.7,65.712,4268.5,23.4235,4268.8,0.0427,4268.4,125.1816,4268.9,0.0427,4268.3,22.8162,4269.0,15.2244,4268.2,171.8587,4269.1,23.6342,4268.1,0.24,4269.2,11.9527,4268.0,103.9032,4269.4,108.9977,4267.9,34.6572,4269.5,344.1367,4267.8,138.1496,4269.6,127.3119,4267.7,236.1604,4269.7,122.0435,4267.6,172.9739,4269.8,348.1285,4267.5,352.0768,4269.9,396.2647,4267.4,66.435,4270.0,12.3093,4267.3,67.8139,4270.1,276.2612,4267.2,124.7753,4270.2,27.5467,4267.1,83.4778,4270.3,268.6779,4267.0,294.8007,4270.4,357.0587,4266.9,30.7106,4270.5,224.6272,4266.8,215.8248,4270.6,214.8942,4266.7,118.017,4270.7,96.5228
1757015259.8546717,1757015259411,1757015259411,4268.6,467.2861,4268.7,65.471,4268.5,23.4235,4268.8,0.0427,4268.4,147.8799,4268.9,0.0427,4268.3,47.8127,4269.1,14.2654,4268.2,183.8356,4269.2,3.7545,4268.1,31.6463,4269.3,5.8552,4268.0,103.9032,4269.4,144.4399,4267.9,23.1838,4269.5,322.1261,4267.8,138.1847,4269.6,125.4848,4267.7,236.1604,4269.7,23.4208,4267.6,182.7908,4269.8,184.2746,4267.5,352.0768,4269.9,445.2641,4267.4,66.675,4270.0,106.9223,4267.3,26.9512,4270.1,276.2612,4267.2,124.7753,4270.2,27.5467,4267.1,83.4778,4270.3,228.55,4267.0,294.8007,4270.4,316.9046,4266.9,30.7106,4270.5,224.6272,4266.8,215.8248,4270.6,214.8942,4266.7,118.017,4270.7,96.5228
1757015260.7044427,1757015260222,1757015260222,4268.6,644.8706,4268.7,3.54,4268.5,32.7941,4268.8,0.0427,4268.4,148.5587,4268.9,0.0427,4268.3,497.1434,4269.5,11.8272,4268.2,43.9207,4269.6,0.241,4268.1,37.3167,4269.7,17.5648,4268.0,87.0175,4269.8,108.4809,4267.9,16.4152,4269.9,12.3336,4267.8,110.1792,4270.0,103.4517,4267.7,66.1785,4270.1,16.8093,4267.6,230.9394,4270.2,212.6905,4267.5,363.1202,4270.3,64.86,4267.4,26.4124,4270.4,144.9315,4267.3,27.1822,4270.5,464.9011,4267.2,129.2206,4270.6,62.2468,4267.1,130.5388,4270.7,96.679,4267.0,295.6774,4270.8,150.5025,4266.9,30.9506,4270.9,57.7649,4266.8,217.0046,4271.0,115.0071,4266.7,117.3172,4271.1,542.4982
1757015260.8507266,1757015260450,1757015260450,4268.6,645.2448,4268.7,3.54,4268.5,36.3082,4268.8,0.0427,4268.4,250.6815,4268.9,0.0427,4268.3,497.1434,4269.5,3.631,4268.2,32.2081,4269.6,9.3678,4268.1,37.3167,4269.7,11.7104,4268.0,80.5994,4269.8,0.8158,4267.9,16.4152,4269.9,12.3336,4267.8,56.219,4270.0,12.3093,4267.7,66.1785,4270.1,69.4947,4267.6,230.9394,4270.2,134.0736,4267.5,363.1202,4270.3,271.2909,4267.4,26.4124,4270.4,144.9315,4267.3,27.1822,4270.5,387.6349,4267.2,129.2206,4270.6,62.2468,4267.1,130.7731,4270.7,143.74,4267.0,295.6774,4270.8,150.4674,4266.9,30.9506,4270.9,57.7649,4266.8,214.8222,4271.0,115.0071,4266.7,117.3172,4271.1,542.4982
1757015261.4630718,1757015260989,1757015260989,4268.7,1328.7326,4268.9,0.0427,4268.6,264.7672,4269.7,15.3413,4268.5,90.6532,4269.8,0.5748,4268.4,250.6815,4269.9,18.1878,4268.3,264.7084,4270.0,167.9031,4268.2,36.8161,4270.1,16.8093,4268.1,0.7073,4270.2,57.2896,4268.0,228.8838,4270.3,138.7722,4267.9,6.6152,4270.4,199.771,4267.8,96.9172,4270.5,175.8886,4267.7,720.5144,4270.6,226.4385,4267.6,193.0791,4270.7,22.5488,4267.5,363.0102,4270.8,248.7994,4267.4,168.7485,4270.9,192.8801,4267.3,27.1273,4271.0,247.9539,4267.2,266.5394,4271.1,510.8078,4267.1,131.7329,4271.2,177.4605,4267.0,209.4906,4271.3,2.6369,4266.9,30.9506,4271.4,183.0638,4266.8,337.6772,4271.5,124.8945
1757015261.9449031,1757015261535,1757015261535,4268.8,920.3923,4268.9,0.0427,4268.7,423.8158,4269.1,0.5309,4268.6,191.8642,4269.4,0.241,4268.5,68.5845,4269.6,6.9439,4268.4,161.2214,4269.7,3.6309,4268.3,189.6243,4269.9,114.0375,4268.2,24.8392,4270.0,232.9868,4268.1,211.3066,4270.1,72.5097,4268.0,93.0196,4270.2,382.983,4267.9,6.6152,4270.3,165.9836,4267.8,92.3092,4270.4,216.0401,4267.7,108.5229,4270.5,228.7399,4267.6,187.5791,4270.6,111.8165,4267.5,225.8675,4270.7,58.8775,4267.4,37.7641,4270.8,435.3348,4267.3,36.4627,4270.9,144.8494,4267.2,652.4585,4271.0,290.9388,4267.1,83.2768,4271.1,300.1175,4267.0,209.7306,4271.2,177.4605,4266.9,30.9506,4271.3,44.2017
1757015262.5689971,1757015262142,1757015262142,4268.8,0.24,4268.9,61.7416,4268.6,6.8385,4269.0,140.2746,4268.4,4.9497,4269.1,140.5969,4268.3,228.6377,4269.2,58.6679,4268.2,88.4806,4269.3,23.7994,4268.1,197.2621,4269.4,218.4298,4268.0,48.02,4269.5,311.5346,4267.9,0.48,4269.6,43.0451,4267.8,165.493,4269.7,137.0838,4267.7,4.04,4269.8,457.4907,4267.6,124.4396,4269.9,14.4744,4267.5,40.3683,4270.0,480.4965,4267.4,23.8912,4270.1,45.0326,4267.3,411.7555,4270.2,623.2075,4267.2,22.5765,4270.3,146.1497,4267.1,58.0232,4270.4,202.6488,4267.0,146.7061,4270.5,205.2552,4266.9,19.2325,4270.6,132.5037,4266.8,30.8489,4270.7,60.1364,4266.7,72.8025,4270.8,224.6239
1757015263.0200775,1757015262641,1757015262641,4268.7,5.8558,4268.9,77.555,4268.6,0.9826,4269.0,186.7049,4268.4,17.2476,4269.1,141.5112,4268.3,52.9473,4269.2,84.8849,4268.2,37.7182,4269.3,25.9994,4268.1,91.7833,4269.4,322.0664,4268.0,139.7769,4269.5,241.0165,4267.9,120.6291,4269.6,126.9812,4267.8,157.7228,4269.7,276.3685,4267.7,4.04,4269.8,359.1305,4267.6,124.4396,4269.9,53.342,4267.5,40.3683,4270.0,343.781,4267.4,29.7388,4270.1,45.0326,4267.3,415.2706,4270.2,601.5916,4267.2,67.8662,4270.3,146.1497,4267.1,80.2767,4270.4,175.0394,4267.0,149.7073,4270.5,205.2552,4266.9,30.9506,4270.6,132.5037,4266.8,33.021,4270.7,58.8775,4266.7,72.8025,4270.8,224.659
1757015263.5918603,1757015263143,1757015263143,4268.7,5.8558,4268.8,460.3785,4268.6,0.9826,4268.9,50.838,4268.5,5.8559,4269.0,279.8572,4268.4,17.2476,4269.1,141.5112,4268.3,0.24,4269.2,107.2095,4268.2,54.2051,4269.3,23.7994,4268.1,77.7859,4269.4,310.4898,4268.0,139.7769,4269.5,259.3704,4267.9,120.6291,4269.6,276.421,4267.8,186.6682,4269.7,276.3685,4267.7,25.6293,4269.8,415.8374,4267.6,96.4882,4269.9,85.5815,4267.5,40.3683,4270.0,397.7041,4267.4,138.1933,4270.1,54.9945,4267.3,426.9876,4270.2,601.5916,4267.2,64.3511,4270.3,146.1497,4267.1,68.3266,4270.4,175.0394,4267.0,189.6159,4270.5,205.2552,4266.9,30.9506,4270.6,132.5037,4266.8,47.0184,4270.7,57.5929
1757015263.957338,1757015263658,1757015263658,4268.6,0.0688,4268.7,959.9074,4268.5,5.8558,4268.8,197.5279,4268.3,52.7071,4268.9,24.4175,4268.2,77.4226,4269.0,143.7883,4268.1,98.3903,4269.1,183.5255,4268.0,86.5759,4269.2,197.3753,4267.9,0.48,4269.3,221.0629,4267.8,142.1668,4269.4,360.5994,4267.7,18.2842,4269.5,234.3109,4267.6,73.2192,4269.6,252.9542,4267.4,333.7339,4269.7,162.7027,4267.3,0.24,4269.8,265.7337,4267.2,41.4585,4269.9,85.6915,4267.1,56.8491,4270.0,397.5941,4267.0,137.2745,4270.1,13.3914,4266.9,12.3786,4270.2,601.5906,4266.8,47.0536,4270.3,146.1497,4266.7,61.0839,4270.4,14.7816,4266.6,12.2121,4270.5,68.1714,4266.5,31.5836,4270.6,132.5037
1757015264.6025577,1757015264195,1757015264195,4268.6,7.0254,4268.7,253.1224,4268.5,1.3634,4268.8,44.81,4268.4,53.95,4268.9,9.8904,4268.3,75.9336,4269.0,214.0767,4268.2,129.441,4269.1,236.341,4268.0,53.0749,4269.2,225.0641,4267.9,98.8717,4269.3,81.4619,4267.8,126.7522,4269.4,161.4378,4267.7,68.1007,4269.5,170.6799,4267.6,60.6235,4269.6,302.9167,4267.5,263.5293,4269.7,235.712,4267.4,257.1841,4269.8,140.0059,4267.3,0.852,4269.9,180.0296,4267.2,44.9147,4270.0,212.8596,4267.1,68.6255,4270.1,13.3914,4267.0,137.2745,4270.2,521.0404,4266.9,222.7788,4270.3,146.1497,4266.8,33.0562,4270.4,14.7816,4266.7,66.9694,4270.5,69.0481,4266.6,23.931,4270.6,271.9307
1757015266.9393709,1757015264947,1757015264947,4268.6,7.0255,4268.7,166.3288,4268.5,4.5392,4268.8,46.6599,4268.4,31.8039,4268.9,9.8904,4268.3,3.4853,4269.0,242.5998,4268.1,132.8727,4269.1,163.1615,4268.0,355.5211,4269.2,128.6431,4267.9,98.8717,4269.3,18.4779,4267.8,148.5457,4269.4,347.3563,4267.7,69.7406,4269.5,307.7637,4267.6,82.6746,4269.6,56.4237,4267.5,294.8035,4269.7,161.5875,4267.4,46.3139,4269.8,140.2409,4267.3,4.3671,4269.9,67.6844,4267.2,98.2619,4270.0,212.8596,4267.1,320.3287,4270.1,13.3914,4267.0,148.9923,4270.2,521.0404,4266.9,263.357,4270.3,196.1497,4266.8,40.1371,4270.4,14.7816,4266.7,80.9668,4270.5,69.0481,4266.6,23.931,4270.6,272.1707
1757015268.2974179,1757015266037,1757015266037,4268.6,9.6339,4268.7,114.7988,4268.5,0.1171,4268.8,12.8052,4268.4,0.9138,4268.9,9.8904,4268.3,56.1921,4269.0,214.0767,4268.2,77.3054,4269.1,163.1615,4268.0,166.5838,4269.2,90.1518,4267.9,0.48,4269.3,40.5531,4267.8,28.8744,4269.4,303.2584,4267.7,153.207,4269.5,349.6,4267.6,270.5692,4269.6,153.7587,4267.5,50.902,4269.7,161.5876,4267.4,252.523,4269.8,144.5749,4267.3,11.957,4269.9,236.7063,4267.2,41.3996,4270.0,213.0595,4267.1,56.908,4270.1,13.3914,4267.0,148.9923,4270.2,310.3032,4266.9,263.357,4270.3,196.1497,4266.8,40.1371,4270.4,14.7816,4266.7,90.6997,4270.5,69.0481,4266.6,23.931,4270.6,272.1707
1757015268.4581406,1757015266470,1757015266470,4268.6,3.7781,4268.7,5.8922,4268.5,0.1171,4269.0,71.334,4268.4,0.9138,4269.1,163.1615,4268.3,3.4853,4269.2,37.4549,4268.2,77.3054,4269.3,40.5531,4268.0,166.5838,4269.4,503.8417,4267.9,0.48,4269.5,349.6,4267.8,28.8744,4269.6,153.7587,4267.7,153.207,4269.7,161.5876,4267.6,270.5692,4269.8,144.5749,4267.5,50.902,4269.9,236.7063,4267.4,240.8063,4270.0,213.0595,4267.3,11.957,4270.1,13.3914,4267.2,41.3996,4270.2,310.3032,4267.1,56.908,4270.3,196.1497,4267.0,148.9923,4270.4,14.7816,4266.9,263.357,4270.5,69.0481,4266.8,40.1371,4270.6,272.1707,4266.7,90.6997,4270.7,194.9167,4266.6,23.931,4270.8,212.7106
1757015268.6116054,1757015267277,1757015267277,4268.9,186.3076,4269.0,16.4903,4268.8,198.1881,4269.1,16.5891,4268.7,196.7704,4269.2,0.3588,4268.6,155.1046,4269.3,489.918,4268.5,2.3671,4269.4,64.9808,4268.4,15.4182,4269.5,212.3781,4268.3,3.4853,4269.6,18.6971,4268.2,0.24,4269.7,12.5871,4268.1,126.5025,4269.8,154.2915,4268.0,36.9133,4269.9,232.8089,4267.9,53.1898,4270.0,213.1695,4267.8,28.8744,4270.1,366.2344,4267.7,16.8258,4270.2,150.8044,4267.6,5.796,4270.3,196.1497,4267.5,46.7747,4270.4,56.4173,4267.4,229.5797,4270.5,279.7722,4267.3,1.8319,4270.6,272.1707,4267.2,43.2022,4270.7,194.9167,4267.1,101.4227,4270.8,212.6755,4267.0,12.8423,4270.9,10.6308
1757015268.7650914,1757015267420,1757015267420,4268.9,86.6637,4269.0,175.7762,4268.8,110.8558,4269.1,16.5891,4268.7,102.1325,4269.2,0.3588,4268.6,3.8881,4269.3,497.914,4268.5,2.3671,4269.4,202.0646,4268.4,7.2194,4269.5,159.6855,4268.0,32.7176,4269.6,18.8842,4267.9,130.4984,4269.7,12.5871,4267.8,127.2712,4269.8,140.2409,4267.7,35.493,4269.9,232.8089,4267.6,132.3115,4270.0,75.6684,4267.5,48.1381,4270.1,281.5553,4267.4,18.7084,4270.2,150.8044,4267.3,1.174,4270.3,196.1497,4267.2,329.487,4270.4,14.7816,4267.1,56.908,4270.5,68.1714,4267.0,12.8423,4270.6,135.0869,4266.9,52.9568,4270.7,194.9167,4266.8,31.8216,4270.8,212.8755,4266.7,75.9973,4270.9,10.4308
1757015268.7865856,1757015267590,1757015267590,4268.9,2.2372,4269.0,127.8398,4268.6,0.11,4269.1,1.3634,4268.5,8.223,4269.2,156.3452,4268.1,52.7085,4269.3,373.5665,4268.0,4.1033,4269.4,354.3041,4267.9,77.7886,4269.5,33.2219,4267.8,182.0893,4269.6,18.8842,4267.7,35.493,4269.7,11.7104,4267.6,132.3117,4269.8,144.0409,4267.5,102.3688,4269.9,232.8116,4267.4,14.1004,4270.0,230.78,4267.3,1.174,4270.1,281.5553,4267.2,323.3523,4270.2,150.8044,4267.1,68.6237,4270.3,196.1497,4267.0,213.4256,4270.4,14.7816,4266.9,48.3488,4270.5,68.1714,4266.8,31.8216,4270.6,135.0869,4266.7,75.9973,4270.7,195.1167,4266.6,22.3047,4270.8,212.6755,4266.5,34.1285,4270.9,10.4308
1757015268.8020294,1757015267993,1757015267993,4268.9,0.1784,4269.0,245.5196,4268.8,26.5148,4269.1,25.0582,4268.2,5.856,4269.2,461.497,4268.0,98.1699,4269.3,297.2538,4267.9,0.48,4269.4,355.5721,4267.8,45.9079,4269.5,47.2193,4267.7,112.9934,4269.6,51.985,4267.6,133.0458,4269.7,11.7104,4267.5,34.0784,4269.8,370.3776,4267.4,17.6154,4269.9,228.2036,4267.3,131.2077,4270.0,230.78,4267.2,35.8756,4270.1,280.3051,4267.1,57.8947,4270.2,150.8044,4267.0,213.4256,4270.3,196.1497,4266.9,259.2435,4270.4,14.7816,4266.8,31.8216,4270.5,68.1714,4266.7,75.9973,4270.6,135.0869,4266.6,22.5447,4270.7,195.1167,4266.5,34.1285,4270.8,212.6755,4266.4,72.7313,4270.9,10.4308
1757015268.9997976,1757015268513,1757015268513,4268.3,0.9138,4268.4,200.5088,4268.2,5.856,4268.5,195.9109,4268.0,69.4691,4268.6,299.1939,4267.9,0.48,4268.7,68.3697,4267.8,64.195,4268.8,51.0678,4267.7,91.7973,4268.9,234.4026,4267.6,120.6047,4269.0,430.9547,4267.5,98.6284,4269.1,8.0037,4267.4,107.2885,4269.2,617.6736,4267.3,142.923,4269.3,272.3566,4267.2,35.8756,4269.4,355.5721,4267.1,57.8947,4269.5,47.2193,4267.0,223.2425,4269.6,51.985,4266.9,218.6653,4269.7,12.1277,4266.8,36.4296,4269.8,236.5841,4266.7,76.2373,4269.9,228.2036,4266.6,22.5447,4270.0,231.9146,4266.5,34.1285,4270.1,237.3904,4266.4,210.6607,4270.2,109.7199,4266.3,406.5377,4270.3,470.3173
1757015269.454883,1757015269029,1757015269029,4268.3,45.663,4268.4,71.6345,4268.2,77.3053,4268.5,79.8363,4268.1,22.7627,4268.6,42.8002,4268.0,56.8351,4268.7,6.3866,4267.9,54.933,4268.8,217.2945,4267.8,85.9872,4268.9,32.5862,4267.7,148.1402,4269.0,47.5505,4267.6,179.7484,4269.1,174.6023,4267.5,288.3793,4269.2,315.6577,4267.4,49.165,4269.3,71.7733,4267.3,44.103,4269.4,319.5629,4267.2,12.4445,4269.5,33.2219,4267.1,57.7847,4269.6,52.4071,4267.0,266.6556,4269.7,138.5892,4266.9,260.199,4269.8,315.9455,4266.8,36.4296,4269.9,230.5467,4266.7,111.7221,4270.0,76.693,4266.6,159.6285,4270.1,213.9747,4266.5,34.1285,4270.2,109.7199,4266.4,196.6633,4270.3,470.3173
1757015270.0743923,1757015269544,1757015269544,4268.3,604.992,4268.4,5.3476,4268.2,22.9385,4268.5,0.1281,4268.1,224.5972,4268.6,0.1281,4268.0,27.3544,4268.7,0.6327,4267.9,57.5202,4269.0,17.5677,4267.8,112.1297,4269.2,93.4797,4267.7,222.5545,4269.3,19.6659,4267.6,65.3115,4269.4,37.9609,4267.5,113.0768,4269.5,33.2219,4267.4,46.891,4269.6,305.8691,4267.3,12.891,4269.7,149.2115,4267.2,102.6437,4269.8,232.5875,4267.1,194.8685,4269.9,17.5594,4267.0,266.6556,4270.0,168.7125,4266.9,49.3043,4270.1,139.8375,4266.8,37.3282,4270.2,210.4252,4266.7,84.3492,4270.3,543.7497,4266.6,22.5447,4270.4,3.0731,4266.5,41.2023,4270.5,69.0481,4266.4,279.3608,4270.6,123.379
1757015270.8024127,1757015270310,1757015270310,4268.3,437.0213,4268.5,0.0854,4268.2,105.514,4268.6,0.1281,4268.1,28.1619,4268.9,11.7126,4268.0,173.8522,4269.0,0.0688,4267.9,58.9102,4269.1,5.8553,4267.8,139.7382,4269.2,9.6735,4267.7,212.7376,4269.4,152.949,4267.6,278.7661,4269.5,203.1165,4267.5,91.4372,4269.6,382.7468,4267.4,29.7434,4269.7,65.0986,4267.3,19.3779,4269.8,191.3037,4267.2,97.4834,4269.9,185.0682,4267.1,196.1773,4270.0,109.8927,4267.0,271.3412,4270.1,351.0585,4266.9,12.4562,4270.2,91.8231,4266.8,170.744,4270.3,23.0633,4266.7,141.7624,4270.4,0.7299,4266.6,22.5447,4270.5,68.1714,4266.5,37.2376,4270.6,400.9422,4266.4,155.6631,4270.7,100.3563
1757015271.1092365,1757015270637,1757015270637,4268.4,882.222,4268.5,0.2562,4268.3,846.7431,4268.6,0.2562,4268.2,79.4574,4268.9,23.4237,4268.1,235.5135,4269.0,0.0688,4268.0,60.1558,4269.2,61.5852,4267.9,58.9102,4269.4,160.6471,4267.8,139.7382,4269.5,33.2219,4267.7,223.4312,4269.6,8.2706,4267.6,415.8499,4269.7,40.3093,4267.5,68.0079,4269.8,73.6282,4267.4,29.7434,4269.9,39.9572,4267.3,19.4368,4270.0,182.8938,4267.2,624.6309,4270.1,13.3914,4267.1,254.9558,4270.2,128.2311,4267.0,331.4623,4270.3,3.2183,4266.9,13.636,4270.4,327.2333,4266.8,170.744,4270.5,109.1716,4266.7,140.5826,4270.6,400.7022,4266.6,22.5447,4270.7,43.2384,4266.5,37.4719,4270.8,213.8626
1757015271.6544423,1757015271285,1757015271285,4268.4,1044.3847,4268.5,0.0854,4268.3,278.0205,4268.6,0.0854,4268.2,63.4438,4269.0,0.0688,4268.1,247.3202,4269.6,2.2988,4268.0,47.0789,4269.7,11.7105,4267.9,58.2136,4269.9,18.0782,4267.8,149.6984,4270.0,149.5006,4267.7,12.5735,4270.1,97.9897,4267.6,386.2334,4270.2,73.0161,4267.5,68.669,4270.3,334.1731,4267.4,32.0869,4270.4,327.1854,4267.3,102.058,4270.5,316.4831,4267.2,624.5209,4270.6,176.9711,4267.1,207.8948,4270.7,130.7442,4267.0,419.5136,4270.8,213.9831,4266.9,146.0342,4270.9,235.129,4266.8,170.744,4271.0,148.9783,4266.7,130.6097,4271.1,110.7777,4266.6,22.5447,4271.2,98.6847,4266.5,108.6934,4271.3,2.2019
1757015272.2500584,1757015271798,1757015271798,4269.1,0.0427,4269.2,11.7103,4269.0,0.2194,4269.3,3.5134,4268.9,200.1686,4269.4,0.2899,4268.8,186.1137,4269.5,9.3681,4268.7,182.1706,4269.6,17.5226,4268.6,184.8032,4269.7,11.7105,4268.5,219.1582,4269.8,59.561,4268.4,1018.7902,4269.9,17.5594,4268.3,265.7283,4270.0,213.1683,4268.2,141.059,4270.1,104.7548,4268.1,289.1035,4270.2,271.4237,4268.0,42.314,4270.3,325.3258,4267.9,98.6135,4270.4,363.0146,4267.8,161.1867,4270.5,348.5886,4267.7,12.5735,4270.6,188.679,4267.6,476.7374,4270.7,267.828,4267.5,68.7279,4270.8,214.6863,4267.4,348.3113,4270.9,232.4638,4267.3,102.058,4271.0,11.8945,4267.2,624.5209,4271.1,110.7777
1757015272.8312116,1757015272258,1757015272258,4269.5,72.2584,4269.6,15.2238,4269.4,144.4894,4269.7,5.8545,4269.3,137.2484,4269.8,59.561,4269.2,108.1525,4269.9,29.3872,4269.1,539.32,4270.0,219.8257,4269.0,203.197,4270.1,72.4602,4268.9,337.956,4270.2,236.3403,4268.8,224.8733,4270.3,309.432,4268.7,5.7135,4270.4,366.5264,4268.6,202.4791,4270.5,349.4653,4268.5,308.4787,4270.6,188.679,4268.4,423.8089,4270.7,180.3222,4268.3,79.197,4270.8,214.5365,4268.2,114.472,4270.9,232.4638,4268.1,263.8999,4271.0,11.8945,4268.0,59.1414,4271.1,122.2843,4267.9,101.0158,4271.2,89.9609,4267.8,161.1867,4271.3,139.2857,4267.7,14.9166,4271.4,153.6716,4267.6,471.2374,4271.5,262.4335
1757015273.2061763,1757015272788,1757015272788,4269.5,275.5794,4269.6,30.3477,4269.4,53.0644,4269.8,19.7901,4269.3,0.5242,4269.9,23.8872,4269.2,55.7666,4270.0,106.7146,4269.1,101.9222,4270.1,94.8314,4269.0,118.6964,4270.2,236.3403,4268.9,175.9351,4270.3,283.611,4268.8,126.8082,4270.4,366.5264,4268.7,3.5139,4270.5,381.38,4268.6,5.1963,4270.6,188.679,4268.5,249.718,4270.7,180.3222,4268.4,342.0325,4270.8,254.6546,4268.3,84.0619,4270.9,241.7638,4268.2,105.1008,4271.0,53.0785,4268.1,274.9811,4271.1,121.4076,4268.0,59.1414,4271.2,89.9609,4267.9,97.548,4271.3,139.2857,4267.8,161.1867,4271.4,247.2061,4267.7,17.26,4271.5,262.4335,4267.6,471.2374,4271.6,347.3853
1757015273.5888894,1757015273295,1757015273295,4269.5,221.807,4269.6,30.5908,4269.4,137.992,4269.8,19.7901,4269.3,0.0854,4269.9,23.8872,4269.2,86.7316,4270.0,71.3779,4269.1,85.1436,4270.1,94.8316,4269.0,63.6716,4270.2,373.4241,4268.9,195.4089,4270.3,283.611,4268.8,19.992,4270.4,437.449,4268.7,3.5139,4270.5,381.38,4268.6,182.9197,4270.6,262.5869,4268.5,140.0368,4270.7,227.3832,4268.4,368.9628,4270.8,254.6546,4268.3,70.1745,4270.9,241.7638,4268.2,144.9616,4271.0,53.0785,4268.1,274.9811,4271.1,121.4076,4268.0,59.1414,4271.2,89.9609,4267.9,97.548,4271.3,139.2857,4267.8,161.1867,4271.4,247.2061,4267.7,17.26,4271.5,262.4335,4267.6,376.0665,4271.6,347.3853
1757015274.1928205,1757015273902,1757015273902,4269.5,42.6423,4269.6,45.7289,4269.4,43.5046,4269.7,0.0541,4269.3,0.1708,4269.8,19.7901,4269.2,80.5288,4269.9,23.8872,4269.1,85.1436,4270.0,102.0694,4269.0,63.6716,4270.1,94.8316,4268.9,195.4089,4270.2,373.4241,4268.8,10.9741,4270.3,299.5142,4268.7,3.5139,4270.4,437.449,4268.6,111.1813,4270.5,381.38,4268.5,140.0368,4270.6,262.5869,4268.4,357.9688,4270.7,227.3832,4268.3,70.1745,4270.8,254.6546,4268.2,122.4016,4270.9,241.7638,4268.1,274.9811,4271.0,53.0785,4268.0,59.4415,4271.1,121.4076,4267.9,97.548,4271.2,89.9609,4267.8,175.1841,4271.3,139.2857,4267.7,17.26,4271.4,247.2061,4267.6,434.8568,4271.5,262.4335
1757015274.7384558,1757015274409,1757015274409,4269.5,32.7736,4269.6,39.6311,4269.4,19.5401,4269.7,36.4479,4269.3,0.0427,4269.8,12.6239,4269.2,80.4434,4269.9,23.7772,4269.1,85.1436,4270.0,102.0694,4269.0,63.6716,4270.1,94.8316,4268.9,195.4089,4270.2,373.4241,4268.8,10.0409,4270.3,283.611,4268.6,111.1813,4270.4,437.449,4268.5,140.0368,4270.5,381.38,4268.4,329.6057,4270.6,262.5869,4268.3,21.9733,4270.7,227.3832,4268.2,122.4016,4270.8,254.6546,4268.1,274.9811,4270.9,241.7638,4268.0,59.4415,4271.0,53.1885,4267.9,97.548,4271.1,121.4076,4267.8,175.1841,4271.2,89.9609,4267.7,17.26,4271.3,139.2857,4267.6,434.8568,4271.4,247.2061,4267.5,125.1686,4271.5,262.4335
1757015275.2682498,1757015274937,1757015274937,4269.5,165.0162,4269.6,45.7277,4269.4,19.5401,4269.7,30.5392,4269.3,14.793,4269.8,12.6239,4269.2,80.4434,4269.9,23.7772,4269.1,85.1436,4270.0,102.0694,4269.0,63.6716,4270.1,94.8316,4268.9,195.4089,4270.2,373.4241,4268.8,33.1799,4270.3,299.5203,4268.6,139.9459,4270.4,437.449,4268.5,140.0368,4270.5,381.38,4268.4,354.0505,4270.6,262.5869,4268.3,21.9733,4270.7,227.3832,4268.2,122.4016,4270.8,254.6546,4268.1,274.9811,4270.9,241.7638,4268.0,59.4415,4271.0,53.1885,4267.9,97.548,4271.1,121.4076,4267.8,175.1841,4271.2,89.9609,4267.7,18.5905,4271.3,139.2857,4267.6,434.8568,4271.4,247.2061,4267.5,125.1686,4271.5,262.4335
1757015276.0402055,1757015275581,1757015275581,4269.5,47.2881,4269.6,12.0006,4269.4,19.5401,4269.7,22.0324,4269.3,68.8503,4269.8,5.8543,4269.2,27.7482,4269.9,23.5422,4269.1,85.1436,4270.0,101.4786,4269.0,63.6716,4270.1,42.1456,4268.9,195.4089,4270.2,306.9032,4268.8,42.1876,4270.3,81.3878,4268.7,4.2071,4270.4,414.0603,4268.6,349.7818,4270.5,320.9729,4268.5,23.3677,4270.6,136.1547,4268.4,342.338,4270.7,180.0822,4268.3,21.9733,4270.8,54.0713,4268.2,122.4016,4270.9,17.0656,4268.1,412.0649,4271.0,52.9485,4268.0,59.4415,4271.1,121.1676,4267.9,98.9547,4271.2,103.9583,4267.8,175.1841,4271.3,140.4882,4267.7,18.5905,4271.4,247.2061,4267.6,297.773,4271.5,262.4335
1757015276.4824417,1757015276021,1757015276021,4269.5,204.3614,4269.6,23.4889,4269.4,20.7389,4269.7,5.9085,4269.3,136.2033,4269.8,5.8543,4269.2,48.6553,4269.9,11.8322,4269.1,105.0023,4270.0,101.2436,4269.0,63.6716,4270.1,13.886,4268.9,223.5162,4270.2,302.0609,4268.8,104.2769,4270.3,48.633,4268.7,4.8098,4270.4,393.1855,4268.6,346.2678,4270.5,398.0516,4268.5,19.8536,4270.6,140.7627,4268.4,333.9421,4270.7,137.3188,4268.3,21.9733,4270.8,237.5225,4268.2,122.4016,4270.9,17.0656,4268.1,402.8801,4271.0,253.5318,4268.0,61.7843,4271.1,121.1676,4267.9,58.5548,4271.2,314.4052,4267.8,47.8815,4271.3,141.7143,4267.7,18.5905,4271.4,258.9119,4267.6,297.773,4271.5,262.1993
1757015276.9567583,1757015276522,1757015276522,4269.5,337.9891,4269.6,11.7795,4269.4,19.781,4269.7,5.8544,4269.3,23.0892,4269.8,3.513,4269.2,26.575,4269.9,11.8322,4269.1,105.0023,4270.0,11.0042,4269.0,88.6561,4270.1,62.0366,4268.9,255.7459,4270.2,24.3319,4268.8,102.3655,4270.3,144.8155,4268.7,42.0032,4270.4,351.1326,4268.6,346.2678,4270.5,123.884,4268.5,19.8536,4270.6,66.8548,4268.4,374.1012,4270.7,153.2298,4268.3,21.9733,4270.8,237.7095,4268.2,122.4016,4270.9,93.1251,4268.1,402.8801,4271.0,253.5318,4268.0,67.6692,4271.1,121.4026,4267.9,58.5548,4271.2,314.4052,4267.8,47.8815,4271.3,141.7143,4267.7,18.5905,4271.4,258.9119,4267.6,297.773,4271.5,262.1993
1757015277.4649324,1757015277025,1757015277025,4269.5,260.7038,4269.6,11.6903,4269.4,29.3318,4269.7,5.8544,4269.3,100.3737,4269.8,10.3639,4269.2,26.575,4269.9,15.3451,4269.1,105.0023,4270.0,22.4696,4269.0,122.3019,4270.1,13.886,4268.9,255.7459,4270.2,50.7162,4268.8,102.6075,4270.3,197.4995,4268.7,42.0032,4270.4,88.2555,4268.6,317.5032,4270.5,450.765,4268.5,31.5673,4270.6,342.3692,4268.4,374.1012,4270.7,153.2298,4268.3,21.9733,4270.8,139.3779,4268.2,122.4016,4270.9,230.2089,4268.1,402.8801,4271.0,390.6156,4268.0,67.6692,4271.1,121.6376,4267.9,58.5548,4271.2,314.4052,4267.8,47.8815,4271.3,141.9543,4267.7,83.1676,4271.4,258.9119,4267.6,297.773,4271.5,125.1155
1757015278.0953395,1757015277627,1757015277627,4269.5,208.0111,4269.6,11.6903,4269.4,124.3787,4269.7,9.3675,4269.3,100.3312,4269.8,3.513,4269.2,76.0998,4269.9,15.3451,4269.1,108.4788,4270.0,22.4696,4269.0,133.9703,4270.1,13.886,4268.9,255.7032,4270.2,84.4372,4268.8,131.4174,4270.3,122.5203,4268.7,42.0032,4270.4,81.4908,4268.6,317.4344,4270.5,352.4281,4268.5,21.7504,4270.6,342.3692,4268.4,374.1012,4270.7,251.5641,4268.3,21.9733,4270.8,390.9935,4268.2,122.4016,4270.9,291.2332,4268.1,402.8801,4271.0,390.6156,4268.0,67.6692,4271.1,121.6376,4267.9,58.5548,4271.2,314.4052,4267.8,47.8815,4271.3,141.9543,4267.7,83.1676,4271.4,214.6904,4267.6,297.773,4271.5,125.1506
1757015278.641035,1757015278202,1757015278202,4269.5,260.4525,4269.6,11.8577,4269.4,71.6855,4269.7,9.3675,4269.3,100.3312,4269.8,13.5604,4269.2,76.0998,4269.9,15.2273,4269.1,108.4788,4270.0,29.7295,4269.0,122.2592,4270.1,13.886,4268.9,255.7032,4270.2,84.4372,4268.8,131.4174,4270.3,122.5203,4268.7,42.0032,4270.4,274.8406,4268.6,317.4344,4270.5,352.4281,4268.5,21.7504,4270.6,236.204,4268.4,374.1012,4270.7,251.5641,4268.3,21.9733,4270.8,390.9935,4268.2,159.0327,4270.9,291.2332,4268.1,402.8801,4271.0,390.6156,4268.0,67.6692,4271.1,121.6376,4267.9,58.5548,4271.2,314.4052,4267.8,47.8815,4271.3,141.9543,4267.7,83.1676,4271.4,214.6904,4267.6,297.773,4271.5,125.1506
1757015279.1483505,1757015278725,1757015278725,4269.5,258.1892,4269.6,23.5673,4269.4,57.96,4269.7,9.4218,4269.3,100.3312,4269.8,13.5604,4269.2,23.4116,4269.9,15.2273,4269.1,104.9652,4270.0,22.5874,4269.0,122.2592,4270.1,16.086,4268.9,267.4147,4270.2,82.2372,4268.8,131.4174,4270.3,122.5203,4268.7,42.0032,4270.4,226.2309,4268.6,317.4344,4270.5,368.3357,4268.5,21.7504,4270.6,428.9713,4268.4,374.1012,4270.7,235.6531,4268.3,21.9733,4270.8,390.9935,4268.2,159.0327,4270.9,291.2332,4268.1,402.8801,4271.0,390.6156,4268.0,67.6692,4271.1,121.6376,4267.9,58.5548,4271.2,314.4052,4267.8,47.8815,4271.3,141.9543,4267.7,83.1676,4271.4,214.6904,4267.6,297.773,4271.5,125.1506
1757015279.5813072,1757015279257,1757015279257,4269.5,258.1892,4269.6,27.0805,4269.4,57.96,4269.7,9.3677,4269.3,100.3312,4269.8,19.3226,4269.2,62.4688,4269.9,15.2273,4269.1,108.4788,4270.0,22.5874,4269.0,122.2592,4270.1,16.086,4268.9,267.4147,4270.2,104.3095,4268.8,131.4174,4270.3,122.5203,4268.7,42.0032,4270.4,232.9956,4268.6,317.4344,4270.5,368.3357,4268.5,21.7504,4270.6,362.8316,4268.4,369.4156,4270.7,235.6531,4268.3,21.9733,4270.8,390.9935,4268.2,159.0327,4270.9,291.2332,4268.1,402.8801,4271.0,390.6156,4268.0,67.6692,4271.1,121.6376,4267.9,58.5548,4271.2,314.4052,4267.8,47.8815,4271.3,141.9543,4267.7,83.1676,4271.4,214.6904,4267.6,297.773,4271.5,125.1506
1757015280.158634,1757015279782,1757015279782,4269.7,414.958,4269.8,11.5754,4269.6,386.6549,4269.9,15.2274,4269.5,335.5886,4270.0,22.5874,4269.4,57.96,4270.1,13.886,4269.3,121.4087,4270.2,43.8221,4269.2,62.4688,4270.3,48.633,4269.1,21.8252,4270.4,112.4052,4269.0,122.2592,4270.5,215.2869,4268.9,231.5282,4270.6,280.3034,4268.8,132.2941,4270.7,367.1811,4268.7,41.31,4270.8,229.2151,4268.6,317.4344,4270.9,288.8899,4268.5,35.2986,4271.0,475.8519,4268.4,369.4156,4271.1,121.6376,4268.3,21.9733,4271.2,314.4052,4268.2,160.3592,4271.3,141.9543,4268.1,402.8801,4271.4,214.6904,4268.0,95.9305,4271.5,125.1506,4267.9,195.6386,4271.6,347.6253,4267.8,47.8815,4271.7,4.5754
1757015280.9732993,1757015280405,1757015280405,4269.7,53.2534,4269.8,21.0678,4269.6,71.2619,4269.9,22.8423,4269.5,15.4244,4270.0,22.5417,4269.4,57.96,4270.1,13.886,4269.3,75.7409,4270.2,91.6065,4269.2,32.3636,4270.3,102.8988,4269.1,25.2965,4270.4,158.5379,4269.0,133.9703,4270.5,243.8112,4268.9,177.2624,4270.6,428.0509,4268.8,121.6174,4270.7,223.4324,4268.7,12.3158,4270.8,276.2761,4268.6,107.6673,4270.9,335.3568,4268.5,25.4817,4271.0,349.4316,4268.4,325.4565,4271.1,162.4254,4268.3,18.3585,4271.2,341.71,4268.2,160.3592,4271.3,182.6809,4268.1,65.213,4271.4,214.6904,4268.0,91.3225,4271.5,125.1506,4267.9,58.5548,4271.6,347.4253,4267.8,47.8815,4271.7,4.7754
1757015281.2857187,1757015280969,1757015280969,4269.7,1.4052,4269.8,176.6711,4269.5,3.4516,4269.9,72.1496,4269.2,5.855,4270.0,78.9495,4269.1,52.6973,4270.1,227.9914,4269.0,77.5313,4270.2,85.3221,4268.9,108.1736,4270.3,362.6918,4268.8,4.4998,4270.4,386.1063,4268.7,126.4857,4270.5,409.9943,4268.6,106.0277,4270.6,270.1314,4268.5,22.2191,4270.7,195.5027,4268.4,88.5407,4270.8,276.0891,4268.3,5.1782,4270.9,534.2331,4268.2,28.1035,4271.0,389.4156,4268.1,23.6697,4271.1,162.4254,4268.0,85.211,4271.2,131.0231,4267.9,58.5548,4271.3,2.4419,4267.8,258.7331,4271.4,191.2766,4267.7,71.1435,4271.5,125.1155,4267.6,240.8627,4271.6,210.3415,4267.5,88.9478,4271.7,3.8797
1757015281.858576,1757015281450,1757015281450,4269.2,0.9138,4269.3,328.0881,4269.1,52.6973,4269.4,95.7942,4269.0,123.3353,4269.5,111.7547,4268.9,108.1736,4269.6,264.4673,4268.8,38.2589,4269.7,130.3108,4268.7,148.0233,4269.8,132.1125,4268.6,44.5947,4269.9,54.2658,4268.5,22.4611,4270.0,367.8643,4268.4,86.2149,4270.1,230.1914,4268.3,4.3015,4270.2,220.6069,4268.2,42.1607,4270.3,346.7796,4268.1,224.253,4270.4,465.6191,4268.0,90.711,4270.5,387.8133,4267.9,98.7996,4270.6,256.1843,4267.8,258.7331,4270.7,195.048,4267.7,122.083,4270.8,276.0891,4267.6,240.8627,4270.9,524.9331,4267.5,88.9478,4271.0,349.3262,4267.4,34.2701,4271.1,121.6376,4267.3,96.5835,4271.2,131.0231
1757015282.360001,1757015281973,1757015281973,4269.2,216.2449,4269.3,216.6902,4269.1,81.6525,4269.4,5.8549,4269.0,32.0475,4269.6,82.8169,4268.9,109.5323,4269.7,11.8958,4268.8,107.5399,4269.8,111.3059,4268.7,129.9996,4269.9,11.7639,4268.6,48.1097,4270.0,113.23,4268.5,44.8872,4270.1,186.6895,4268.4,104.6851,4270.2,275.7163,4268.3,4.3015,4270.3,315.3146,4268.2,252.9824,4270.4,339.422,4268.1,225.1297,4270.5,486.152,4268.0,90.711,4270.6,226.9273,4267.9,98.7996,4270.7,195.048,4267.8,33.8841,4270.8,276.0891,4267.7,265.0521,4270.9,221.2827,4267.6,240.8627,4271.0,212.4824,4267.5,79.8006,4271.1,121.6376,4267.4,34.4758,4271.2,131.0231,4267.3,233.6673,4271.3,2.4419
1757015282.912055,1757015282579,1757015282579,4269.2,607.5403,4269.3,0.242,4269.1,15.3095,4269.9,0.0541,4269.0,71.1412,4270.0,101.3359,4268.9,272.0952,4270.1,14.2068,4268.8,129.657,4270.2,25.2086,4268.6,46.2353,4270.3,2.1804,4268.5,58.4504,4270.4,265.5651,4268.4,85.6493,4270.5,74.7905,4268.3,10.1491,4270.6,116.4139,4268.2,42.1607,4270.7,159.4377,4268.1,238.2245,4270.8,200.0653,4268.0,108.4437,4270.9,10.0244,4267.9,98.7996,4271.0,77.8804,4267.8,298.153,4271.1,261.6657,4267.7,751.078,4271.2,145.0205,4267.6,241.1036,4271.3,2.4419,4267.5,79.8006,4271.4,97.5421,4267.4,34.71,4271.5,335.7887,4267.3,13.9034,4271.6,347.4253,4267.2,99.5418,4271.7,3.8987
1757015283.5050907,1757015283107,1757015283107,4269.5,426.555,4269.6,0.2749,4269.4,88.8562,4269.8,11.709,4269.3,252.0446,4269.9,9.3673,4269.2,25.1441,4270.0,15.0941,4269.1,15.3095,4270.1,13.0093,4269.0,3.8199,4270.2,131.6959,4268.9,231.2658,4270.3,185.1423,4268.8,97.7965,4270.4,332.9167,4268.7,28.452,4270.5,180.8748,4268.6,60.6871,4270.6,446.3932,4268.5,41.9545,4270.7,312.1854,4268.4,93.9679,4270.8,24.4735,4268.3,50.2708,4270.9,210.6077,4268.2,42.1607,4271.0,176.2079,4268.1,265.2896,4271.1,271.4827,4268.0,103.8357,4271.2,185.3592,4267.9,58.5548,4271.3,213.1333,4267.8,116.5545,4271.4,97.5421,4267.7,361.0133,4271.5,125.1155,4267.6,241.1036,4271.6,348.302
1757015283.9589882,1757015283635,1757015283635,4269.7,35.6101,4269.8,15.222,4269.6,21.9013,4269.9,8.0411,4269.5,165.9405,4270.0,15.0941,4269.4,148.0503,4270.1,13.0093,4269.3,133.5985,4270.2,200.2922,4269.2,10.6418,4270.3,185.1423,4269.1,123.789,4270.4,480.9694,4269.0,127.1276,4270.5,180.8748,4268.9,180.3118,4270.6,434.4357,4268.8,68.3872,4270.7,459.6831,4268.7,28.452,4270.8,148.9476,4268.6,60.6871,4270.9,210.6077,4268.5,252.7668,4271.0,78.4062,4268.4,93.9679,4271.1,186.7461,4268.3,50.2708,4271.2,171.3618,4268.2,42.1607,4271.3,213.1333,4268.1,265.2896,4271.4,97.5421,4268.0,103.8357,4271.5,125.1155,4267.9,58.8447,4271.6,347.4253,4267.8,234.0128,4271.7,13.4987
1757015284.503297,1757015284151,1757015284151,4269.7,116.3624,4269.8,33.8534,4269.6,0.204,4269.9,50.8867,4269.5,58.4999,4270.0,10.8321,4269.4,88.0677,4270.1,15.2093,4269.3,80.9055,4270.2,178.5453,4269.2,43.4044,4270.3,455.1971,4269.1,123.789,4270.4,280.3861,4269.0,76.6471,4270.5,180.8748,4268.9,178.3992,4270.6,509.6913,4268.8,83.6126,4270.7,459.6831,4268.7,31.6715,4270.8,88.4382,4268.6,117.0216,4270.9,242.5321,4268.5,252.7668,4271.0,123.9456,4268.4,93.2012,4271.1,200.7435,4268.3,50.2708,4271.2,171.3618,4268.2,42.1607,4271.3,213.1333,4268.1,265.2896,4271.4,97.5421,4268.0,98.3357,4271.5,125.1155,4267.9,58.5548,4271.6,347.4253,4267.8,248.0102,4271.7,13.4987
1757015285.0410244,1757015284693,1757015284693,4269.7,18.9545,4269.8,33.3782,4269.6,0.0816,4269.9,29.5241,4269.5,23.3662,4270.0,22.5417,4269.4,87.3937,4270.1,15.2093,4269.3,80.9055,4270.2,129.4959,4269.2,43.4044,4270.3,259.8302,4269.1,123.789,4270.4,480.9694,4269.0,80.1608,4270.5,180.8748,4268.9,178.3992,4270.6,509.6913,4268.8,138.2221,4270.7,459.6831,4268.7,232.2548,4270.8,88.4382,4268.6,117.0216,4270.9,242.5321,4268.5,252.7668,4271.0,123.9456,4268.4,93.2012,4271.1,200.7435,4268.3,50.2708,4271.2,171.3618,4268.2,42.1607,4271.3,213.1333,4268.1,265.2896,4271.4,97.5421,4268.0,98.3357,4271.5,125.1155,4267.9,58.5548,4271.6,347.4253,4267.8,248.0102,4271.7,13.4987
1757015285.9904175,1757015285423,1757015285423,4269.7,45.889,4269.8,39.2302,4269.6,0.0816,4269.9,34.4966,4269.5,9.7234,4270.0,23.9051,4269.4,0.2409,4270.1,106.531,4269.3,3.621,4270.2,381.5728,4269.2,64.4716,4270.3,284.361,4269.1,155.4079,4270.4,181.2024,4269.0,77.0222,4270.5,285.6288,4268.9,124.883,4270.6,509.6913,4268.8,151.4342,4270.7,206.4987,4268.7,35.1854,4270.8,102.4356,4268.6,105.3082,4270.9,242.4221,4268.5,168.4444,4271.0,123.9456,4268.4,93.2012,4271.1,186.7461,4268.3,50.2708,4271.2,200.4521,4268.2,320.2793,4271.3,213.1333,4268.1,265.2896,4271.4,97.5421,4268.0,57.1763,4271.5,125.1155,4267.9,58.5548,4271.6,347.4253,4267.8,248.0102,4271.7,13.4987
1757015286.2825658,1757015285803,1757015285803,4269.7,10.7581,4269.8,39.2302,4269.6,0.0816,4269.9,109.0414,4269.5,0.0688,4270.0,23.9051,4269.4,0.2409,4270.1,159.2171,4269.3,78.6864,4270.2,151.1316,4269.2,60.2805,4270.3,383.2931,4269.1,102.7104,4270.4,181.2024,4269.0,65.7839,4270.5,285.6288,4268.9,124.883,4270.6,509.6913,4268.8,92.4469,4270.7,192.4512,4268.7,35.1854,4270.8,102.4356,4268.6,209.2313,4270.9,242.4221,4268.5,156.7307,4271.0,123.9456,4268.4,93.2012,4271.1,186.7461,4268.3,50.2708,4271.2,200.4521,4268.2,320.2793,4271.3,213.1333,4268.1,265.2896,4271.4,97.5421,4268.0,57.1763,4271.5,125.1155,4267.9,58.5548,4271.6,347.4253,4267.8,248.0102,4271.7,13.4987
1757015286.8529897,1757015286391,1757015286391,4269.7,462.4371,4269.8,0.7818,4269.6,1.445,4270.0,23.7873,4269.5,22.3605,4270.1,1.4178,4269.4,70.5805,4270.2,11.7091,4269.3,27.6762,4270.3,4.0973,4269.2,128.3227,4270.4,153.8463,4269.1,225.742,4270.5,7.5729,4269.0,170.7209,4270.6,17.8022,4268.9,227.8641,4270.8,87.8477,4268.8,156.674,4270.9,33.2302,4268.7,14.0561,4271.0,139.4908,4268.6,216.0807,4271.1,134.8617,4268.5,19.7455,4271.2,87.7571,4268.4,232.7781,4271.3,246.5977,4268.3,99.4696,4271.4,98.2058,4268.2,109.4489,4271.5,55.7613,4268.1,224.3816,4271.6,209.6215,4268.0,57.1763,4271.7,151.4429,4267.9,58.4959,4271.8,59.6435,4267.8,276.2306,4271.9,11.3037
1757015287.3746629,1757015286920,1757015286920,4269.9,627.0577,4270.0,10.7143,4269.8,369.3312,4270.1,1.3,4269.7,822.8189,4270.5,0.215,4269.6,12.4195,4270.7,0.1178,4269.5,23.7438,4270.8,0.4682,4269.4,39.109,4270.9,6.7295,4269.3,17.683,4271.0,41.1849,4269.2,205.5155,4271.1,33.9935,4269.1,223.3994,4271.2,1.1488,4269.0,122.3794,4271.3,5.1768,4268.9,152.8552,4271.4,92.1172,4268.8,147.1546,4271.5,17.4955,4268.7,14.115,4271.6,200.815,4268.6,216.3854,4271.7,229.3129,4268.5,18.5306,4271.8,35.8234,4268.4,355.2868,4271.9,121.7482,4268.3,59.8511,4272.0,170.3863,4268.2,649.207,4272.1,368.9721,4268.1,362.5863,4272.2,157.3943,4268.0,45.4613,4272.3,271.9385
1757015287.834447,1757015287427,1757015287427,4269.9,763.1648,4270.0,10.7143,4269.8,302.5613,4270.1,1.542,4269.7,104.6114,4270.5,0.215,4269.6,64.0083,4270.8,8.3403,4269.5,13.5901,4270.9,0.9945,4269.4,236.0738,4271.0,26.5755,4269.3,26.1365,4271.1,33.9935,4269.2,183.5232,4271.2,29.5316,4269.1,214.0302,4271.3,85.7488,4269.0,121.5027,4271.4,90.1856,4268.9,152.3893,4271.5,82.2052,4268.8,75.3355,4271.6,398.3415,4268.7,25.7692,4271.7,289.1523,4268.6,217.2695,4271.8,45.6403,4268.5,25.3456,4271.9,224.0243,4268.4,487.3951,4272.0,170.5138,4268.3,59.8511,4272.1,410.6396,4268.2,719.5624,4272.2,241.5886,4268.1,361.6215,4272.3,271.9385,4268.0,89.953,4272.4,118.9657
1757015288.4979272,1757015287959,1757015287959,4269.9,786.7737,4270.0,10.7143,4269.8,344.7181,4270.1,1.3,4269.7,114.7057,4270.8,6.6196,4269.6,5.5975,4270.9,0.8767,4269.5,70.9341,4271.0,3.8386,4269.4,281.8227,4271.1,0.6806,4269.3,26.1365,4271.2,75.7121,4269.2,69.6097,4271.3,1.1553,4269.1,214.0302,4271.4,64.398,4269.0,55.1403,4271.5,72.9071,4268.9,152.3304,4271.6,307.106,4268.8,79.1355,4271.7,289.1523,4268.7,26.703,4271.8,140.6603,4268.6,215.4054,4271.9,23.441,4268.5,32.6147,4272.0,170.5138,4268.4,488.5951,4272.1,369.0971,4268.3,196.487,4272.2,239.5336,4268.2,718.3826,4272.3,271.7385,4268.1,349.9066,4272.4,119.4067,4268.0,96.0832,4272.5,253.0294
1757015288.9180584,1757015288569,1757015288569,4270.0,514.6053,4270.1,1.3,4269.9,810.8467,4270.7,11.7067,4269.8,129.7022,4270.8,10.1318,4269.7,87.0054,4270.9,16.0959,4269.6,17.3082,4271.0,3.9243,4269.5,111.7826,4271.1,28.4687,4269.4,261.1422,4271.2,59.6814,4269.3,37.848,4271.3,1.1553,4269.2,133.8188,4271.4,86.332,4269.1,214.0302,4271.5,273.7668,4269.0,55.1403,4271.6,344.5375,4268.9,152.3304,4271.7,289.1523,4268.8,79.1355,4271.8,185.3948,4268.7,26.703,4271.9,23.441,4268.6,215.8754,4272.0,371.3121,4268.5,177.1087,4272.1,409.4189,4268.4,488.5951,4272.2,239.5336,4268.3,196.487,4272.3,311.7173,4268.2,718.3826,4272.4,256.5814,4268.1,349.9066,4272.5,253.0294
1757015289.5643625,1757015289075,1757015289075,4270.0,195.7443,4270.1,7.444,4269.9,169.869,4270.4,11.7085,4269.8,38.7156,4270.7,78.1762,4269.7,16.6927,4270.8,8.7719,4269.6,377.3686,4270.9,43.0317,4269.5,98.4325,4271.0,310.6447,4269.4,8.5619,4271.1,239.3794,4269.3,37.4752,4271.2,73.5286,4269.2,122.4712,4271.3,38.5487,4269.1,13.4469,4271.4,175.6916,4269.0,57.4829,4271.5,396.8056,4268.9,36.1392,4271.6,323.8991,4268.8,140.8022,4271.7,327.529,4268.7,30.453,4271.8,35.5892,4268.6,233.2388,4271.9,55.3279,4268.5,120.5872,4272.0,371.3121,4268.4,488.5893,4272.1,283.032,4268.3,14.9543,4272.2,225.5362,4268.2,108.6024,4272.3,101.0816,4268.1,224.7726,4272.4,352.3746
1757015290.1170971,1757015289675,1757015289675,4270.0,455.171,4270.1,2.8972,4269.9,15.0042,4270.6,11.708,4269.8,46.6817,4270.7,5.8531,4269.7,94.4617,4270.8,7.7976,4269.6,5.5975,4270.9,11.7071,4269.5,34.791,4271.0,2.2046,4269.4,0.7209,4271.1,24.2114,4269.3,36.5584,4271.2,98.5011,4269.2,62.8701,4271.3,75.3077,4269.1,466.9409,4271.4,25.6438,4269.0,169.4632,4271.5,415.1026,4268.9,80.8399,4271.6,331.0074,4268.8,135.8285,4271.7,513.863,4268.7,27.0509,4271.8,37.9317,4268.6,233.2388,4271.9,64.7369,4268.5,247.921,4272.0,304.9134,4268.4,98.2915,4272.1,145.9482,4268.3,14.0095,4272.2,299.096,4268.2,108.6024,4272.3,61.1028,4268.1,225.7126,4272.4,352.1746
1757015290.89581,1757015290185,1757015290185,4270.0,577.9721,4270.1,2.8972,4269.9,44.0805,4270.7,11.7067,4269.8,98.9516,4270.8,6.3212,4269.7,144.6947,4271.0,2.2046,4269.6,46.1116,4271.1,0.6455,4269.5,31.556,4271.2,55.3036,4269.4,10.9859,4271.4,14.5505,4269.3,28.803,4271.5,15.91,4269.2,280.1094,4271.6,72.6906,4269.1,255.333,4271.7,14.9847,4269.0,180.7793,4271.8,35.355,4268.9,15.5966,4271.9,23.4415,4268.8,135.8285,4272.0,223.4262,4268.7,603.2709,4272.1,177.8756,4268.6,454.0997,4272.2,7.7161,4268.5,867.9973,4272.3,61.1028,4268.4,98.2915,4272.4,15.6589,4268.3,14.2445,4272.5,140.9348,4268.2,245.6862,4272.6,102.1252,4268.1,351.0816,4272.8,1.6847
1757015291.612893,1757015290905,1757015290905,4270.9,65.1386,4271.1,0.5001,4270.8,54.4235,4271.2,0.0687,4270.7,59.5214,4271.4,0.0222,4270.6,55.836,4271.5,5.852,4270.5,146.3181,4271.6,4.808,4270.4,145.0755,4271.7,0.117,4270.3,159.095,4271.9,5.8514,4270.2,181.8065,4272.0,18.092,4270.1,156.8363,4272.1,0.1178,4270.0,1215.4321,4272.2,12.6895,4269.9,55.0445,4272.3,109.4362,4269.8,87.6143,4272.4,53.7752,4269.7,90.5897,4272.5,50.5132,4269.6,19.946,4272.6,4.9626,4269.5,2.8262,4272.7,166.2776,4269.4,1.4259,4272.8,313.2755,4269.3,28.803,4272.9,584.5726,4269.2,267.2706,4273.0,151.5216,4269.1,434.7324,4273.1,54.5561,4269.0,169.5377,4273.2,286.0164
1757015291.9849563,1757015291286,1757015291286,4271.4,1.3733,4271.5,3.346,4271.3,14.3966,4271.6,4.808,4271.2,1.3733,4271.7,0.117,4271.1,18.1615,4272.0,13.9345,4271.0,33.168,4272.1,1.0316,4270.9,607.1523,4272.2,65.3494,4270.8,128.2111,4272.3,56.7768,4270.7,53.6162,4272.4,291.5408,4270.6,68.146,4272.5,241.8628,4270.5,147.549,4272.6,379.6229,4270.4,146.5783,4272.7,166.2805,4270.3,165.5903,4272.8,0.6766,4270.2,218.5501,4272.9,358.5239,4270.1,160.4319,4273.0,151.5216,4270.0,596.436,4273.1,54.3561,4269.9,50.6549,4273.2,327.4992,4269.8,61.2409,4273.3,154.6346,4269.7,63.5734,4273.4,6.372,4269.6,19.946,4273.6,135.5297,4269.5,4.4489,4273.7,245.332
1757015292.3474274,1757015291821,1757015291821,4271.4,355.0691,4271.5,15.9978,4271.3,35.9536,4271.6,3.7115,4271.2,192.4882,4271.7,0.117,4271.1,149.6615,4271.8,5.8521,4271.0,23.0271,4271.9,4.3742,4270.9,162.3971,4272.0,13.9345,4270.8,0.3565,4272.1,1.0316,4270.7,0.1224,4272.2,123.5822,4270.6,149.4998,4272.3,78.1031,4270.5,13.6748,4272.4,469.3757,4270.4,110.2734,4272.5,411.045,4270.3,11.71,4272.6,411.5453,4270.2,281.4894,4272.7,166.4675,4270.1,23.1894,4272.8,137.7604,4270.0,721.485,4272.9,358.5239,4269.9,28.5655,4273.0,16.7506,4269.8,81.4832,4273.1,95.7493,4269.7,55.535,4273.2,368.7336,4269.6,13.9746,4273.3,154.8746,4269.5,141.3054,4273.4,9.6503
1757015292.827573,1757015292419,1757015292419,4271.4,326.4813,4271.5,32.8754,4271.3,59.5257,4271.6,3.7115,4271.2,53.431,4271.7,23.8153,4271.1,112.0703,4271.9,11.7043,4271.0,60.0684,4272.0,13.9345,4270.9,131.9617,4272.1,3.2316,4270.8,0.2749,4272.2,139.4854,4270.7,76.016,4272.3,130.7617,4270.6,128.9274,4272.4,481.0787,4270.5,4.7107,4272.5,411.5708,4270.4,106.5977,4272.6,313.2538,4270.3,11.6284,4272.7,166.4675,4270.2,281.6079,4272.8,236.0491,4270.1,20.4265,4272.9,358.5239,4270.0,673.8218,4273.0,16.7506,4269.9,18.6757,4273.1,93.1045,4269.8,74.4262,4273.2,368.7336,4269.7,67.2454,4273.3,154.8746,4269.6,21.1539,4273.4,9.8806,4269.5,15.9325,4273.6,135.5297
1757015293.2018683,1757015292912,1757015292912,4271.4,261.6596,4271.5,41.0381,4271.3,4.6317,4271.6,10.4128,4271.2,53.431,4271.7,23.5254,4271.1,102.1603,4271.8,7.6916,4271.0,44.298,4271.9,11.7043,4270.9,131.9617,4272.0,13.9345,4270.8,22.2533,4272.1,3.2316,4270.7,72.5037,4272.2,123.5822,4270.6,125.6551,4272.3,151.9495,4270.5,30.237,4272.4,481.0787,4270.4,106.8377,4272.5,411.045,4270.3,11.6284,4272.6,324.9562,4270.2,281.6079,4272.7,264.7555,4270.1,20.4265,4272.8,141.2383,4270.0,533.1467,4272.9,358.5239,4269.9,24.5606,4273.0,16.5906,4269.8,74.4262,4273.1,93.1045,4269.7,67.2454,4273.2,368.7336,4269.6,21.1539,4273.3,154.8746,4269.5,15.9325,4273.4,9.8806
1757015293.7850533,1757015293431,1757015293431,4271.4,124.0846,4271.5,17.8921,4271.3,3.7454,4271.6,3.7115,4271.2,2.9542,4271.7,23.5254,4271.1,0.0408,4271.9,11.7043,4271.0,44.056,4272.0,15.0675,4270.9,5.5408,4272.1,58.3741,4270.8,47.8358,4272.2,22.7963,4270.7,31.7651,4272.3,520.9182,4270.6,95.7863,4272.4,180.851,4270.5,41.0685,4272.5,374.705,4270.4,16.2093,4272.6,340.8529,4270.3,39.8114,4272.7,57.2086,4270.2,54.5475,4272.8,307.8461,4270.1,210.8306,4272.9,321.126,4270.0,272.261,4273.0,16.5906,4269.9,38.558,4273.1,92.6276,4269.8,116.4578,4273.2,158.1421,4269.7,67.2454,4273.3,17.7908,4269.6,21.1539,4273.4,201.2302,4269.5,15.9325,4273.5,210.5893
1757015294.3964386,1757015293931,1757015293931,4271.2,0.9138,4271.3,332.879,4271.0,0.004,4271.4,298.2555,4270.9,129.9718,4271.5,186.8533,4270.8,123.6679,4271.6,68.4192,4270.7,0.0408,4271.7,12.8347,4270.6,18.7884,4271.8,22.4269,4270.5,0.2686,4271.9,23.4087,4270.4,0.0408,4272.0,94.5388,4270.3,148.3438,4272.1,145.397,4270.2,0.2817,4272.2,40.11,4270.1,7.6254,4272.3,155.2665,4270.0,49.9814,4272.4,363.1123,4269.9,215.4346,4272.5,250.2517,4269.8,23.6094,4272.6,519.69,4269.7,55.535,4272.7,11.7022,4269.6,44.5724,4272.8,152.7533,4269.5,15.6925,4272.9,321.126,4269.4,155.8263,4273.0,227.0897,4269.3,32.0816,4273.1,52.4163,4269.2,165.9193,4273.2,74.2755
1757015294.8464012,1757015294494,1757015294494,4271.2,2.3358,4271.3,361.2097,4271.0,6.0973,4271.4,60.1695,4270.9,52.7142,4271.5,77.9844,4270.8,1.6451,4271.6,17.6504,4270.7,77.2991,4271.7,65.6185,4270.6,1.591,4271.8,65.5479,4270.5,0.5106,4271.9,23.4087,4270.4,212.4562,4272.0,436.0722,4270.3,196.0453,4272.1,134.0208,4270.2,26.2519,4272.2,179.1279,4270.1,7.6254,4272.3,154.7077,4270.0,28.2176,4272.4,144.4689,4269.9,215.3757,4272.5,228.9712,4269.8,23.6094,4272.6,375.0636,4269.7,95.383,4272.7,11.7022,4269.6,56.3419,4272.8,193.5278,4269.5,226.0927,4272.9,321.126,4269.4,155.8263,4273.0,227.0897,4269.3,32.0816,4273.1,46.9163,4269.2,165.2204,4273.2,73.2348
1757015295.3524594,1757015294994,1757015294994,4271.0,0.004,4271.1,525.7179,4270.4,58.5353,4271.2,493.921,4270.2,0.2409,4271.3,306.2332,4270.1,84.0862,4271.4,83.4607,4270.0,156.2174,4271.5,154.6523,4269.9,127.8133,4271.6,392.5525,4269.8,22.572,4271.7,310.7108,4269.7,76.6167,4271.8,389.3026,4269.6,228.839,4271.9,23.4087,4269.5,212.4101,4272.0,479.3035,4269.4,6.2047,4272.1,56.1397,4269.3,263.6514,4272.2,279.6234,4269.2,80.9646,4272.3,56.2226,4269.1,44.7253,4272.4,265.9565,4269.0,27.2624,4272.5,131.9078,4268.9,53.8815,4272.6,330.3491,4268.8,54.5058,4272.7,16.3844,4268.7,20.9657,4272.8,150.1521,4268.6,218.4007,4272.9,321.126,4268.5,27.4922,4273.0,25.1777
1757015296.383977,1757015295660,1757015295660,4270.0,103.748,4270.1,44.4955,4269.9,78.5079,4270.2,215.2775,4269.8,41.5577,4270.3,204.222,4269.7,54.2658,4270.4,98.1348,4269.6,179.8827,4270.5,160.4463,4269.5,0.6017,4270.6,151.798,4269.4,196.3583,4270.7,139.7337,4269.3,13.5722,4270.8,143.4965,4269.2,94.3233,4270.9,143.4596,4269.1,21.9644,4271.0,128.846,4269.0,268.8643,4271.1,679.7556,4268.9,13.186,4271.2,378.7185,4268.8,54.7467,4271.3,328.1511,4268.7,17.209,4271.4,278.2828,4268.6,218.7025,4271.5,64.235,4268.5,54.3831,4271.6,218.063,4268.4,70.3503,4271.7,12.2307,4268.3,13.7649,4271.8,425.0202,4268.2,100.9529,4271.9,23.4087,4268.1,202.1209,4272.0,500.054
1757015296.5746117,1757015296059,1757015296059,4270.0,6.5147,4270.1,93.6095,4269.9,1.3634,4270.2,143.9779,4269.8,141.6089,4270.3,98.4436,4269.6,179.6427,4270.4,92.2084,4269.5,1.9651,4270.5,98.3832,4269.4,13.8717,4270.6,147.0559,4269.3,26.2318,4270.7,498.6578,4269.2,70.9028,4270.8,93.337,4269.1,227.8908,4270.9,209.1263,4269.0,269.1043,4271.0,402.1447,4268.9,17.8627,4271.1,524.0923,4268.8,55.9908,4271.2,249.8232,4268.7,17.209,4271.3,401.102,4268.6,8.3023,4271.4,268.7489,4268.5,54.3831,4271.5,265.9545,4268.4,70.3503,4271.6,161.7643,4268.3,13.7649,4271.7,11.7049,4268.2,178.1408,4271.8,287.9554,4268.1,202.1209,4271.9,23.4087,4268.0,409.6783,4272.0,538.9743
1757015297.152122,1757015296647,1757015296647,4270.0,2.5611,4270.1,266.202,4269.6,6.0953,4270.2,87.7041,4269.5,78.5301,4270.3,20.9621,4269.4,9.8,4270.4,39.8977,4269.3,77.2945,4270.5,78.8874,4269.2,217.5311,4270.6,116.6192,4269.1,24.6616,4270.7,738.1549,4269.0,58.7631,4270.8,157.1831,4268.9,7.6159,4270.9,55.3956,4268.8,63.4088,4271.0,54.3623,4268.7,334.017,4271.1,393.2762,4268.6,213.2866,4271.2,272.3828,4268.5,52.3266,4271.3,536.2158,4268.4,94.0028,4271.4,2.3871,4268.3,72.9737,4271.5,258.0554,4268.2,233.0048,4271.6,136.6279,4268.1,202.1209,4271.7,55.7115,4268.0,419.4783,4271.8,287.9554,4267.9,588.0229,4271.9,23.4087,4267.8,0.48,4272.0,329.9553
1757015297.66379,1757015297164,1757015297164,4270.0,0.0711,4270.1,299.2208,4269.7,0.9138,4270.2,35.4471,4269.6,5.8544,4270.3,57.745,4269.5,0.6481,4270.4,24.1783,4269.4,9.8,4270.5,90.2955,4269.3,222.7441,4270.6,213.3583,4269.2,195.338,4270.7,809.4906,4269.1,31.4283,4270.8,286.5253,4269.0,36.5665,4270.9,30.3563,4268.9,5.2734,4271.0,34.4574,4268.8,283.0793,4271.1,365.7124,4268.7,338.7796,4271.2,230.7163,4268.6,262.1169,4271.3,511.893,4268.5,54.3004,4271.4,0.2128,4268.4,110.3247,4271.5,268.5088,4268.3,25.4791,4271.6,136.6279,4268.2,147.0643,4271.7,55.7115,4268.1,202.1209,4271.8,287.9554,4268.0,282.6354,4271.9,23.8887,4267.9,60.8942,4272.0,288.8609
