timestamp,price,size,side,exchange_timestamp
1757015216.8747032,4268.9,10.1152,bid,1757015216253
1757015216.8747032,4269.0,820.6318,ask,1757015216253
1757015216.9974003,4268.9,4.8,bid,1757015216323
1757015216.9974003,4269.0,827.3987,ask,1757015216323
1757015216.9974003,4268.9,4.8,bid,1757015216387
1757015216.9974003,4269.0,831.2773,ask,1757015216387
1757015216.9974003,4268.9,2.462,bid,1757015216528
1757015216.9974003,4269.0,832.7992,ask,1757015216528
1757015216.9974003,4268.8,0.1465,bid,1757015216627
1757015216.9974003,4269.0,832.7992,ask,1757015216627
1757015217.0706973,4268.8,0.1465,bid,1757015216728
1757015217.0706973,4268.9,400.6103,ask,1757015216728
1757015217.1774464,4268.0,0.9138,bid,1757015216872
1757015217.1774464,4268.1,47.5474,ask,1757015216872
1757015217.4884233,4268.0,0.909,bid,1757015217063
1757015217.4884233,4268.1,101.5637,ask,1757015217063
1757015217.6704783,4268.0,6.7653,bid,1757015217237
1757015217.6704783,4268.1,150.9155,ask,1757015217237
1757015217.8316593,4268.0,6.7653,bid,1757015217477
1757015217.8316593,4268.1,119.8874,ask,1757015217477
1757015217.9937594,4268.0,41.9102,bid,1757015217641
1757015217.9937594,4268.1,104.1427,ask,1757015217641
1757015218.022979,4268.0,126.3844,bid,1757015217721
1757015218.022979,4268.1,94.727,ask,1757015217721
1757015218.088014,4268.0,126.3809,bid,1757015217788
1757015218.088014,4268.1,91.9161,ask,1757015217788
1757015218.1863108,4268.0,126.3809,bid,1757015217870
1757015218.1863108,4268.1,107.8891,ask,1757015217870
1757015218.2995064,4268.0,126.3809,bid,1757015217987
1757015218.2995064,4268.1,107.8487,ask,1757015217987
1757015218.461275,4268.0,126.3809,bid,1757015218073
1757015218.461275,4268.1,105.4597,ask,1757015218073
1757015218.4964085,4268.0,126.3764,bid,1757015218166
1757015218.4964085,4268.1,105.4597,ask,1757015218166
1757015218.509549,4268.0,93.0423,bid,1757015218219
1757015218.509549,4268.1,90.3077,ask,1757015218219
1757015218.5479035,4268.0,11.3384,bid,1757015218281
1757015218.5479035,4268.1,96.53,ask,1757015218281
1757015218.7005296,4268.0,11.3384,bid,1757015218421
1757015218.7005296,4268.1,87.1547,ask,1757015218421
1757015218.810525,4268.0,8.5681,bid,1757015218483
1757015218.810525,4268.1,85.1023,ask,1757015218483
1757015219.0492659,4268.0,102.8423,bid,1757015218672
1757015219.0492659,4268.1,82.6235,ask,1757015218672
1757015219.2344947,4268.0,142.4826,bid,1757015218875
1757015219.2344947,4268.1,61.0775,ask,1757015218875
1757015219.5028787,4268.0,142.4826,bid,1757015219086
1757015219.5028787,4268.1,61.4362,ask,1757015219086
1757015219.5731497,4268.0,142.4826,bid,1757015219286
1757015219.5731497,4268.1,67.3217,ask,1757015219286
1757015220.2937891,4268.0,142.4826,bid,1757015219488
1757015220.2937891,4268.1,67.3294,ask,1757015219488
1757015220.294303,4268.0,195.1937,bid,1757015219736
1757015220.294303,4268.1,59.1463,ask,1757015219736
1757015220.2963305,4268.0,211.5929,bid,1757015219875
1757015220.2963305,4268.1,47.4315,ask,1757015219875
1757015220.5115337,4268.0,211.5929,bid,1757015220005
1757015220.5115337,4268.1,35.7179,ask,1757015220005
1757015220.619787,4268.0,518.1737,bid,1757015220144
1757015220.619787,4268.1,19.6019,ask,1757015220144
1757015220.7130532,4268.0,541.6008,bid,1757015220266
1757015220.7130532,4268.1,19.6019,ask,1757015220266
1757015220.7358105,4268.0,541.6008,bid,1757015220445
1757015220.7358105,4268.1,14.6019,ask,1757015220445
1757015220.7756536,4268.0,541.6008,bid,1757015220493
1757015220.7756536,4268.1,11.7679,ask,1757015220493
1757015221.0344946,4268.0,544.0008,bid,1757015220550
1757015221.0344946,4268.1,9.4299,ask,1757015220550
1757015221.1480856,4268.0,544.0508,bid,1757015220604
1757015221.1480856,4268.1,9.4232,ask,1757015220604
1757015221.1759188,4268.0,544.2365,bid,1757015220780
1757015221.1759188,4268.1,4.9959,ask,1757015220780
1757015221.1871867,4268.0,544.4237,bid,1757015220847
1757015221.1871867,4268.1,4.9959,ask,1757015220847
1757015221.3352463,4268.0,544.4237,bid,1757015220995
1757015221.3352463,4268.1,2.6579,ask,1757015220995
1757015221.7207818,4268.0,544.4237,bid,1757015221220
1757015221.7207818,4268.1,2.5891,ask,1757015221220
1757015221.9896698,4268.0,544.4237,bid,1757015221635
1757015221.9896698,4268.2,0.0404,ask,1757015221635
1757015222.0558283,4268.1,185.9927,bid,1757015221697
1757015222.0558283,4268.2,0.0404,ask,1757015221697
1757015222.2435486,4268.1,264.7634,bid,1757015221902
1757015222.2435486,4268.2,0.0404,ask,1757015221902
1757015222.487147,4268.1,925.4894,bid,1757015222034
1757015222.487147,4268.2,0.0404,ask,1757015222034
1757015222.6462345,4268.1,1172.2172,bid,1757015222230
1757015222.6462345,4268.2,0.0404,ask,1757015222230
1757015222.7184775,4268.1,864.8549,bid,1757015222324
1757015222.7184775,4268.2,0.0404,ask,1757015222324
1757015222.768144,4268.1,741.6541,bid,1757015222431
1757015222.768144,4268.2,0.0404,ask,1757015222431
1757015222.8286602,4268.1,339.4031,bid,1757015222522
1757015222.8286602,4268.2,0.0404,ask,1757015222522
1757015222.9096613,4268.1,378.0072,bid,1757015222585
1757015222.9096613,4268.2,0.0404,ask,1757015222585
1757015223.1171143,4268.1,476.3992,bid,1757015222674
1757015223.1171143,4268.2,0.865,ask,1757015222674
1757015223.1540766,4268.1,455.3107,bid,1757015222748
1757015223.1540766,4268.2,0.865,ask,1757015222748
1757015223.1540766,4268.1,455.2847,bid,1757015222826
1757015223.1540766,4268.2,0.865,ask,1757015222826
1757015223.2806416,4268.1,438.5301,bid,1757015222884
1757015223.2806416,4268.3,0.0404,ask,1757015222884
1757015223.2883487,4268.2,52.3319,bid,1757015222950
1757015223.2883487,4268.3,0.3191,ask,1757015222950
1757015223.4399385,4268.2,55.303,bid,1757015223057
1757015223.4399385,4268.3,0.3151,ask,1757015223057
1757015223.461659,4268.2,129.3832,bid,1757015223143
1757015223.461659,4268.3,0.3151,ask,1757015223143
1757015223.592623,4268.2,237.319,bid,1757015223194
1757015223.592623,4268.3,0.3151,ask,1757015223194
1757015223.650801,4268.2,406.3199,bid,1757015223351
1757015223.650801,4268.3,0.3151,ask,1757015223351
1757015223.7245786,4268.2,318.9027,bid,1757015223420
1757015223.7245786,4268.3,12.0282,ask,1757015223420
1757015223.750587,4268.2,315.9576,bid,1757015223495
1757015223.750587,4268.3,11.7383,ask,1757015223495
1757015223.832027,4268.2,315.9316,bid,1757015223552
1757015223.832027,4268.3,11.7383,ask,1757015223552
1757015224.0079618,4268.2,412.0443,bid,1757015223698
1757015224.0079618,4268.3,0.8498,ask,1757015223698
1757015224.1130302,4268.2,425.9927,bid,1757015223753
1757015224.1130302,4268.3,7.8768,ask,1757015223753
1757015224.1345928,4268.2,425.9927,bid,1757015223825
1757015224.1345928,4268.3,7.3421,ask,1757015223825
1757015224.1628106,4268.2,408.4209,bid,1757015223897
1757015224.1628106,4268.3,7.3421,ask,1757015223897
1757015224.387097,4268.2,405.7589,bid,1757015224030
1757015224.387097,4268.3,7.3421,ask,1757015224030
1757015224.3912177,4268.2,412.8191,bid,1757015224101
1757015224.3912177,4268.3,7.3421,ask,1757015224101
1757015224.4422517,4268.2,415.162,bid,1757015224156
1757015224.4422517,4268.3,7.3421,ask,1757015224156
1757015224.6005716,4268.2,237.2259,bid,1757015224291
1757015224.6005716,4268.3,9.3949,ask,1757015224291
1757015224.731898,4268.2,87.6151,bid,1757015224358
1757015224.731898,4268.3,21.866,ask,1757015224358
1757015225.1713955,4268.2,9.3695,bid,1757015224468
1757015225.1713955,4268.3,16.9691,ask,1757015224468
1757015225.5302036,4268.2,9.3695,bid,1757015224469
1757015225.5302036,4268.3,172.4274,ask,1757015224469
1757015225.5302036,4268.2,62.0783,bid,1757015224761
1757015225.5302036,4268.3,171.6239,ask,1757015224761
1757015225.5441275,4268.2,235.9415,bid,1757015224915
1757015225.5441275,4268.3,37.7644,ask,1757015224915
1757015225.6763365,4268.2,256.7602,bid,1757015225201
1757015225.6763365,4268.3,31.9075,ask,1757015225201
1757015225.6763365,4268.2,355.1498,bid,1757015225266
1757015225.6763365,4268.3,31.9075,ask,1757015225266
1757015225.7850718,4268.2,105.4237,bid,1757015225408
1757015225.7850718,4268.3,10.8228,ask,1757015225408
1757015225.9162226,4268.2,26.3851,bid,1757015225593
1757015225.9162226,4268.3,8.4801,ask,1757015225593
1757015226.0034637,4268.2,139.3815,bid,1757015225653
1757015226.0034637,4268.3,20.1929,ask,1757015225653
1757015226.1591263,4268.2,234.8082,bid,1757015225731
1757015226.1591263,4268.3,19.3683,ask,1757015225731
1757015226.2040858,4268.2,162.7094,bid,1757015225784
1757015226.2040858,4268.3,31.0814,ask,1757015225784
1757015226.3079538,4268.2,251.577,bid,1757015225934
1757015226.3079538,4268.3,31.0814,ask,1757015225934
1757015226.308769,4268.2,280.3514,bid,1757015225994
1757015226.308769,4268.3,31.0273,ask,1757015225994
1757015226.6137354,4268.2,378.7411,bid,1757015226113
1757015226.6137354,4268.3,19.3115,ask,1757015226113
1757015226.6276143,4268.2,374.9411,bid,1757015226294
1757015226.6276143,4268.3,7.5987,ask,1757015226294
1757015226.7473161,4268.2,374.9911,bid,1757015226433
1757015226.7473161,4268.3,7.5987,ask,1757015226433
1757015226.8747153,4268.2,587.8994,bid,1757015226536
1757015226.8747153,4268.3,7.5987,ask,1757015226536
1757015226.9365609,4268.2,737.8235,bid,1757015226598
1757015226.9365609,4268.3,6.9956,ask,1757015226598
1757015227.152815,4268.2,750.0949,bid,1757015226843
1757015227.152815,4268.3,6.9956,ask,1757015226843
1757015227.4547508,4268.2,767.3623,bid,1757015227037
1757015227.4547508,4268.3,6.9956,ask,1757015227037
1757015227.603742,4268.2,978.198,bid,1757015227169
1757015227.603742,4268.3,6.9956,ask,1757015227169
1757015227.618262,4268.7,107.926,bid,1757015227286
1757015227.618262,4268.8,0.5812,ask,1757015227286
1757015227.6903117,4268.7,151.608,bid,1757015227427
1757015227.6903117,4268.8,0.5812,ask,1757015227427
1757015227.8158517,4268.7,164.5285,bid,1757015227483
1757015227.8158517,4268.8,0.5812,ask,1757015227483
1757015228.0610683,4268.7,472.4378,bid,1757015227655
1757015228.0610683,4268.8,0.5812,ask,1757015227655
1757015228.1170938,4268.7,572.1094,bid,1757015227705
1757015228.1170938,4268.8,0.5812,ask,1757015227705
1757015228.2858877,4268.7,505.0246,bid,1757015227912
1757015228.2858877,4268.8,0.5812,ask,1757015227912
1757015228.3345087,4268.7,248.2845,bid,1757015227963
1757015228.3345087,4268.8,3.7482,ask,1757015227963
1757015228.3968987,4268.7,157.0815,bid,1757015228026
1757015228.3968987,4268.8,29.106,ask,1757015228026
1757015228.6143844,4268.7,4.4359,bid,1757015228190
1757015228.6143844,4268.8,36.2228,ask,1757015228190
1757015228.6838448,4268.7,6.7696,bid,1757015228313
1757015228.6838448,4268.8,48.1895,ask,1757015228313
1757015228.9995625,4268.7,6.7696,bid,1757015228593
1757015228.9995625,4268.8,51.1256,ask,1757015228593
1757015229.1356285,4268.7,6.7696,bid,1757015228793
1757015229.1356285,4268.8,47.3877,ask,1757015228793
1757015229.2588665,4268.7,6.8384,bid,1757015228903
1757015229.2588665,4268.8,47.3877,ask,1757015228903
1757015229.2774725,4268.7,0.9826,bid,1757015228994
1757015229.2774725,4268.8,51.1877,ask,1757015228994
1757015229.476179,4268.7,0.9826,bid,1757015229098
1757015229.476179,4268.8,60.9877,ask,1757015229098
1757015229.6613994,4268.7,0.9826,bid,1757015229362
1757015229.6613994,4268.8,63.3124,ask,1757015229362
1757015229.7538877,4268.7,0.9826,bid,1757015229431
1757015229.7538877,4268.8,123.509,ask,1757015229431
1757015230.2939541,4268.7,5.9245,bid,1757015229578
1757015230.2939541,4268.8,57.4431,ask,1757015229578
1757015230.3860357,4268.7,5.9245,bid,1757015229752
1757015230.3860357,4268.8,51.4689,ask,1757015229752
1757015230.5592113,4268.7,0.0688,bid,1757015230165
1757015230.5592113,4268.8,67.9351,ask,1757015230165
1757015230.5910225,4268.7,1.3075,bid,1757015230215
1757015230.5910225,4268.8,77.7351,ask,1757015230215
1757015230.6955485,4268.7,0.0688,bid,1757015230400
1757015230.6955485,4268.8,77.7441,ask,1757015230400
1757015230.8118944,4268.7,0.0688,bid,1757015230459
1757015230.8118944,4268.8,75.4194,ask,1757015230459
1757015230.8550212,4268.7,0.0688,bid,1757015230576
1757015230.8550212,4268.8,69.5232,ask,1757015230576
1757015231.0019004,4268.6,5.856,bid,1757015230704
1757015231.0019004,4268.8,71.7232,ask,1757015230704
1757015231.0804245,4268.5,0.9138,bid,1757015230776
1757015231.0804245,4268.7,351.3044,ask,1757015230776
1757015231.127932,4268.5,0.9138,bid,1757015230834
1757015231.127932,4268.6,167.746,ask,1757015230834
1757015231.2556345,4268.5,0.9138,bid,1757015230923
1757015231.2556345,4268.6,294.0403,ask,1757015230923
1757015231.427824,4268.5,6.7698,bid,1757015231067
1757015231.427824,4268.6,477.4427,ask,1757015231067
1757015231.4973047,4268.5,0.9138,bid,1757015231215
1757015231.4973047,4268.6,491.2704,ask,1757015231215
1757015231.5621474,4268.5,0.9138,bid,1757015231287
1757015231.5621474,4268.6,396.8632,ask,1757015231287
1757015231.886834,4268.5,6.7698,bid,1757015231398
1757015231.886834,4268.6,330.1169,ask,1757015231398
1757015231.8972929,4268.5,6.7698,bid,1757015231538
1757015231.8972929,4268.6,255.2317,ask,1757015231538
1757015231.9513032,4268.5,0.9138,bid,1757015231690
1757015231.9513032,4268.6,255.1897,ask,1757015231690
1757015232.171357,4268.3,5.8563,bid,1757015231797
1757015232.171357,4268.6,327.3777,ask,1757015231797
1757015232.255217,4268.3,5.8563,bid,1757015231862
1757015232.255217,4268.4,209.692,ask,1757015231862
1757015232.308206,4268.3,5.8563,bid,1757015231941
1757015232.308206,4268.4,497.657,ask,1757015231941
1757015232.362056,4268.3,5.8563,bid,1757015232056
1757015232.362056,4268.4,592.1467,ask,1757015232056
1757015232.4110405,4268.3,5.8563,bid,1757015232142
1757015232.4110405,4268.4,628.103,ask,1757015232142
1757015232.501504,4268.3,5.8563,bid,1757015232201
1757015232.501504,4268.4,629.9397,ask,1757015232201
1757015232.5870824,4268.3,7.276,bid,1757015232289
1757015232.5870824,4268.4,342.3067,ask,1757015232289
1757015232.6649306,4268.3,7.276,bid,1757015232342
1757015232.6649306,4268.4,410.5964,ask,1757015232342
1757015232.804651,4268.3,7.276,bid,1757015232496
1757015232.804651,4268.4,345.353,ask,1757015232496
1757015232.8571594,4268.3,7.276,bid,1757015232562
1757015232.8571594,4268.4,318.9582,ask,1757015232562
1757015233.0385718,4268.3,1.4197,bid,1757015232709
1757015233.0385718,4268.4,326.8731,ask,1757015232709
1757015233.1384914,4268.3,1.4197,bid,1757015232838
1757015233.1384914,4268.4,323.1574,ask,1757015232838
1757015233.2131183,4268.3,1.4197,bid,1757015232901
1757015233.2131183,4268.4,292.8864,ask,1757015232901
1757015233.4015443,4268.3,1.4197,bid,1757015233111
1757015233.4015443,4268.4,296.3614,ask,1757015233111
1757015233.5832074,4268.3,1.4197,bid,1757015233264
1757015233.5832074,4268.4,296.2832,ask,1757015233264
1757015233.6496289,4268.3,1.3722,bid,1757015233389
1757015233.6496289,4268.4,296.2246,ask,1757015233389
1757015233.8053389,4268.3,1.3722,bid,1757015233502
1757015233.8053389,4268.4,304.9983,ask,1757015233502
1757015233.8315973,4268.3,1.3722,bid,1757015233592
1757015233.8315973,4268.4,296.3459,ask,1757015233592
1757015234.181561,4268.3,1.3636,bid,1757015233902
1757015234.181561,4268.4,296.3459,ask,1757015233902
1757015234.3780735,4268.3,1.3072,bid,1757015234043
1757015234.3780735,4268.4,296.3459,ask,1757015234043
1757015234.6056876,4268.3,1.3072,bid,1757015234306
1757015234.6056876,4268.4,298.5459,ask,1757015234306
1757015234.734036,4268.3,7.1634,bid,1757015234465
1757015234.734036,4268.4,298.5459,ask,1757015234465
1757015234.808479,4268.3,7.1634,bid,1757015234526
1757015234.808479,4268.4,298.6147,ask,1757015234526
1757015235.1662824,4268.3,7.1634,bid,1757015234597
1757015235.1662824,4268.4,304.7728,ask,1757015234597
1757015235.433256,4268.3,7.1634,bid,1757015234712
1757015235.433256,4268.4,264.9006,ask,1757015234712
1757015235.433256,4268.3,7.1634,bid,1757015234979
1757015235.433256,4268.4,264.8866,ask,1757015234979
1757015235.6143696,4268.3,7.1634,bid,1757015235212
1757015235.6143696,4268.4,264.8831,ask,1757015235212
1757015235.6474745,4268.3,7.1634,bid,1757015235352
1757015235.6474745,4268.4,262.6831,ask,1757015235352
1757015235.928861,4268.3,7.1844,bid,1757015235554
1757015235.928861,4268.4,262.6831,ask,1757015235554
1757015236.263548,4268.3,25.5915,bid,1757015235987
1757015236.263548,4268.4,262.6831,ask,1757015235987
1757015236.383664,4268.3,91.6526,bid,1757015236052
1757015236.383664,4268.4,255.8219,ask,1757015236052
1757015236.6356735,4268.3,7.1844,bid,1757015236320
1757015236.6356735,4268.4,255.8219,ask,1757015236320
1757015236.6597123,4268.3,7.1844,bid,1757015236425
1757015236.6597123,4268.4,255.7531,ask,1757015236425
1757015236.82146,4268.3,7.1844,bid,1757015236534
1757015236.82146,4268.4,255.9901,ask,1757015236534
1757015237.0626438,4268.3,7.1634,bid,1757015236781
1757015237.0626438,4268.4,255.9901,ask,1757015236781
1757015237.2270746,4268.3,111.0108,bid,1757015236938
1757015237.2270746,4268.4,38.2543,ask,1757015236938
1757015237.2835698,4268.3,152.1944,bid,1757015237019
1757015237.2835698,4268.4,20.7095,ask,1757015237019
1757015237.4904737,4268.3,204.9002,bid,1757015237191
1757015237.4904737,4268.4,38.4387,ask,1757015237191
1757015237.597572,4268.3,205.0102,bid,1757015237316
1757015237.597572,4268.4,38.6807,ask,1757015237316
1757015237.6515276,4268.3,205.0102,bid,1757015237385
1757015237.6515276,4268.4,32.7331,ask,1757015237385
1757015237.878404,4268.3,205.0102,bid,1757015237586
1757015237.878404,4268.4,33.5032,ask,1757015237586
1757015238.1046581,4268.3,208.8206,bid,1757015237782
1757015238.1046581,4268.4,39.381,ask,1757015237782
1757015238.2084901,4268.3,286.1238,bid,1757015237921
1757015238.2084901,4268.4,39.381,ask,1757015237921
1757015238.2528734,4268.3,286.1448,bid,1757015237976
1757015238.2528734,4268.4,39.381,ask,1757015237976
1757015238.4828405,4268.3,286.1448,bid,1757015238122
1757015238.4828405,4268.4,33.5032,ask,1757015238122
1757015238.4982507,4268.3,384.5303,bid,1757015238175
1757015238.4982507,4268.4,32.7558,ask,1757015238175
1757015238.6221695,4268.3,384.5303,bid,1757015238321
1757015238.6221695,4268.4,20.8671,ask,1757015238321
1757015238.6965373,4268.3,386.8521,bid,1757015238376
1757015238.6965373,4268.4,9.7375,ask,1757015238376
1757015238.6970701,4268.3,386.8521,bid,1757015238377
1757015238.6970701,4268.4,10.4143,ask,1757015238377
1757015238.8008554,4268.3,403.3073,bid,1757015238536
1757015238.8008554,4268.4,10.1723,ask,1757015238536
1757015239.1076663,4268.3,403.3073,bid,1757015238839
1757015239.1076663,4268.4,10.4143,ask,1757015238839
1757015239.2555325,4268.3,403.3573,bid,1757015238961
1757015239.2555325,4268.4,10.1723,ask,1757015238961
1757015239.4004893,4268.3,414.0036,bid,1757015239022
1757015239.4004893,4268.4,10.1723,ask,1757015239022
1757015239.474206,4268.3,414.0036,bid,1757015239074
1757015239.474206,4268.4,9.4955,ask,1757015239074
1757015239.5877295,4268.3,566.2672,bid,1757015239258
1757015239.5877295,4268.4,8.7737,ask,1757015239258
1757015239.7520604,4268.3,566.2672,bid,1757015239447
1757015239.7520604,4268.4,9.0092,ask,1757015239447
1757015240.43206,4268.3,590.1445,bid,1757015239600
1757015240.43206,4268.4,9.0092,ask,1757015239600
1757015240.7474093,4268.3,594.8301,bid,1757015239865
1757015240.7474093,4269.1,2.6975,ask,1757015239865
1757015240.7474093,4269.0,20.1544,bid,1757015240060
1757015240.7474093,4269.1,2.6975,ask,1757015240060
1757015240.7547996,4269.0,44.2944,bid,1757015240112
1757015240.7547996,4269.1,2.6975,ask,1757015240112
1757015240.7547996,4269.0,90.305,bid,1757015240168
1757015240.7547996,4269.1,2.6975,ask,1757015240168
1757015240.8667367,4269.0,148.9481,bid,1757015240267
1757015240.8667367,4269.1,2.6975,ask,1757015240267
1757015240.8667367,4269.1,11.9591,bid,1757015240464
1757015240.8667367,4269.2,12.0948,ask,1757015240464
1757015240.8878343,4269.1,19.0076,bid,1757015240524
1757015240.8878343,4269.2,12.0948,ask,1757015240524
1757015240.9606574,4269.1,60.8604,bid,1757015240583
1757015240.9606574,4269.2,10.0948,ask,1757015240583
1757015241.0902932,4269.1,63.2225,bid,1757015240745
1757015241.0902932,4269.2,10.0948,ask,1757015240745
1757015241.1819205,4269.1,374.9814,bid,1757015240810
1757015241.1819205,4269.2,15.9499,ask,1757015240810
1757015241.2262602,4269.1,374.9814,bid,1757015240884
1757015241.2262602,4269.2,15.2237,ask,1757015240884
1757015241.356859,4269.1,317.7178,bid,1757015240974
1757015241.356859,4269.2,15.3412,ask,1757015240974
1757015241.4701548,4269.1,306.117,bid,1757015241081
1757015241.4701548,4269.2,21.1963,ask,1757015241081
1757015241.5538692,4269.1,279.572,bid,1757015241152
1757015241.5538692,4269.2,33.7318,ask,1757015241152
1757015241.6500306,4269.1,276.4405,bid,1757015241254
1757015241.6500306,4269.2,33.7318,ask,1757015241254
1757015241.6510313,4269.1,243.6469,bid,1757015241368
1757015241.6510313,4269.2,33.7318,ask,1757015241368
1757015241.913575,4269.1,40.4812,bid,1757015241473
1757015241.913575,4269.2,72.2554,ask,1757015241473
1757015242.0054574,4268.9,0.9138,bid,1757015241586
1757015242.0054574,4269.2,248.1918,ask,1757015241586
1757015242.0449672,4268.5,5.856,bid,1757015241651
1757015242.0449672,4269.0,185.2913,ask,1757015241651
1757015242.0598571,4268.5,5.856,bid,1757015241776
1757015242.0598571,4268.6,117.0165,ask,1757015241776
1757015242.3685308,4268.5,65.8318,bid,1757015241940
1757015242.3685308,4268.6,285.4285,ask,1757015241940
1757015242.4891255,4268.5,65.829,bid,1757015242062
1757015242.4891255,4268.6,299.9783,ask,1757015242062
1757015242.491153,4268.5,123.3527,bid,1757015242113
1757015242.491153,4268.6,288.8448,ask,1757015242113
1757015242.5844085,4268.5,84.4643,bid,1757015242216
1757015242.5844085,4268.6,281.7317,ask,1757015242216
1757015242.5844085,4268.5,18.6459,bid,1757015242264
1757015242.5844085,4268.6,257.588,ask,1757015242264
1757015242.6861134,4268.5,18.7559,bid,1757015242419
1757015242.6861134,4268.6,178.5118,ask,1757015242419
1757015242.8194156,4268.5,25.5841,bid,1757015242489
1757015242.8194156,4268.6,151.0282,ask,1757015242489
1757015242.85667,4268.5,60.7248,bid,1757015242555
1757015242.85667,4268.6,134.0358,ask,1757015242555
1757015242.946594,4268.5,60.7248,bid,1757015242657
1757015242.946594,4268.6,145.7492,ask,1757015242657
1757015243.0775516,4268.5,142.613,bid,1757015242715
1757015243.0775516,4268.6,145.6321,ask,1757015242715
1757015243.1423287,4268.5,142.613,bid,1757015242774
1757015243.1423287,4268.6,151.5034,ask,1757015242774
1757015243.2242742,4268.5,144.8642,bid,1757015242869
1757015243.2242742,4268.6,145.6058,ask,1757015242869
1757015243.2978046,4268.5,148.6642,bid,1757015242959
1757015243.2978046,4268.6,144.4917,ask,1757015242959
1757015243.5042956,4268.5,233.3641,bid,1757015243072
1757015243.5042956,4268.6,109.8666,ask,1757015243072
1757015243.6161704,4268.5,384.4508,bid,1757015243165
1757015243.6161704,4268.6,70.7812,ask,1757015243165
1757015243.7194579,4268.5,398.5053,bid,1757015243271
1757015243.7194579,4268.6,17.3555,ask,1757015243271
1757015243.7194579,4268.5,398.5053,bid,1757015243356
1757015243.7194579,4268.6,18.0147,ask,1757015243356
1757015243.7676556,4268.5,527.3389,bid,1757015243419
1757015243.7676556,4268.6,8.6451,ask,1757015243419
1757015243.8525078,4268.5,403.248,bid,1757015243557
1757015243.8525078,4268.6,8.6451,ask,1757015243557
1757015243.8916712,4268.5,403.298,bid,1757015243662
1757015243.8916712,4268.6,8.6451,ask,1757015243662
1757015244.010151,4268.5,539.1606,bid,1757015243713
1757015244.010151,4268.6,8.8871,ask,1757015243713
1757015244.2493906,4268.5,539.1606,bid,1757015243960
1757015244.2493906,4268.6,8.2279,ask,1757015243960
1757015244.3917425,4268.5,542.8469,bid,1757015244037
1757015244.3917425,4268.6,8.2279,ask,1757015244037
1757015244.4503202,4268.5,543.034,bid,1757015244161
1757015244.4503202,4268.6,8.2279,ask,1757015244161
1757015244.6741014,4268.5,543.034,bid,1757015244359
1757015244.6741014,4268.7,0.0391,ask,1757015244359
1757015244.7010658,4268.6,202.2342,bid,1757015244472
1757015244.7010658,4268.7,0.0391,ask,1757015244472
1757015245.1931937,4268.6,772.3395,bid,1757015244675
1757015245.1931937,4268.7,0.0391,ask,1757015244675
1757015245.492351,4268.6,719.3886,bid,1757015244870
1757015245.492351,4268.7,0.0173,ask,1757015244870
1757015245.5955758,4268.6,581.3422,bid,1757015245165
1757015245.5955758,4268.7,0.0173,ask,1757015245165
1757015245.6263127,4268.6,493.1349,bid,1757015245283
1757015245.6263127,4268.7,0.0173,ask,1757015245283
1757015245.786949,4268.6,569.2682,bid,1757015245441
1757015245.786949,4268.8,11.7137,ask,1757015245441
1757015246.0074747,4268.7,125.971,bid,1757015245501
1757015246.0074747,4268.8,0.0019,ask,1757015245501
1757015246.0074747,4268.7,202.0104,bid,1757015245644
1757015246.0074747,4268.8,0.0019,ask,1757015245644
1757015246.0074747,4268.7,178.8748,bid,1757015245700
1757015246.0074747,4268.8,0.0019,ask,1757015245700
1757015246.0385532,4268.7,201.139,bid,1757015245771
1757015246.0385532,4268.8,0.0019,ask,1757015245771
1757015246.2362878,4268.7,587.6218,bid,1757015245896
1757015246.2362878,4268.8,0.0019,ask,1757015245896
1757015246.531731,4268.7,637.6075,bid,1757015246135
1757015246.531731,4268.8,0.0019,ask,1757015246135
1757015246.6525402,4268.7,615.881,bid,1757015246342
1757015246.6525402,4268.8,0.0019,ask,1757015246342
1757015247.1361842,4268.7,619.6361,bid,1757015246679
1757015247.1361842,4268.8,0.0019,ask,1757015246679
1757015247.317171,4268.7,862.9722,bid,1757015246805
1757015247.317171,4269.4,0.0069,ask,1757015246805
1757015247.3433163,4269.3,29.6935,bid,1757015246848
1757015247.3433163,4269.5,0.0942,ask,1757015246848
1757015247.5861032,4269.4,4.909,bid,1757015247037
1757015247.5861032,4269.5,0.0894,ask,1757015247037
1757015247.6378896,4269.6,0.9718,bid,1757015247239
1757015247.6378896,4269.8,6.2625,ask,1757015247239
1757015247.6826787,4269.7,9.4439,bid,1757015247349
1757015247.6826787,4269.8,5.9726,ask,1757015247349
1757015247.813869,4269.7,69.7271,bid,1757015247441
1757015247.813869,4269.8,0.1183,ask,1757015247441
1757015247.9771538,4269.7,157.9227,bid,1757015247492
1757015247.9771538,4269.8,0.1183,ask,1757015247492
1757015248.027197,4269.7,301.6999,bid,1757015247563
1757015248.027197,4269.8,11.7136,ask,1757015247563
1757015248.2504714,4269.7,295.0531,bid,1757015247737
1757015248.2504714,4269.8,9.7266,ask,1757015247737
1757015248.2504714,4269.7,352.4435,bid,1757015247855
1757015248.2504714,4269.8,12.0685,ask,1757015247855
1757015248.39788,4269.7,324.4608,bid,1757015247932
1757015248.39788,4269.8,12.0685,ask,1757015247932
1757015248.485261,4269.7,288.9573,bid,1757015248057
1757015248.485261,4269.8,4.1074,ask,1757015248057
1757015248.641041,4269.7,233.5003,bid,1757015248144
1757015248.641041,4269.8,4.6931,ask,1757015248144
1757015248.7542667,4269.7,228.0003,bid,1757015248299
1757015248.7542667,4269.8,16.4018,ask,1757015248299
1757015248.7752752,4269.7,228.4176,bid,1757015248442
1757015248.7752752,4269.8,16.4018,ask,1757015248442
1757015248.8755503,4269.7,228.3876,bid,1757015248585
1757015248.8755503,4269.8,16.4018,ask,1757015248585
1757015248.9606657,4269.7,218.5876,bid,1757015248639
1757015248.9606657,4269.8,18.7437,ask,1757015248639
1757015249.1186864,4269.7,130.1982,bid,1757015248813
1757015249.1186864,4269.8,16.5118,ask,1757015248813
1757015249.1676044,4269.7,97.5679,bid,1757015248886
1757015249.1676044,4269.8,16.6917,ask,1757015248886
1757015249.4531353,4269.7,101.3679,bid,1757015249178
1757015249.4531353,4269.8,16.6917,ask,1757015249178
1757015249.582023,4269.7,101.3679,bid,1757015249235
1757015249.582023,4269.8,16.4018,ask,1757015249235
1757015249.675835,4269.7,103.6538,bid,1757015249383
1757015249.675835,4269.8,16.6917,ask,1757015249383
1757015249.9359918,4269.7,103.7226,bid,1757015249668
1757015249.9359918,4269.8,16.6917,ask,1757015249668
1757015250.7485158,4269.7,103.7226,bid,1757015249873
1757015250.7485158,4269.8,16.9327,ask,1757015249873
1757015250.951882,4269.7,103.7172,bid,1757015250525
1757015250.951882,4269.8,16.9327,ask,1757015250525
1757015250.9939137,4269.7,26.7265,bid,1757015250649
1757015250.9939137,4269.8,16.9327,ask,1757015250649
1757015251.0560658,4269.7,18.3783,bid,1757015250726
1757015251.0560658,4269.8,16.6428,ask,1757015250726
1757015251.340296,4269.7,102.7505,bid,1757015251013
1757015251.340296,4269.8,16.9327,ask,1757015251013
1757015251.3838313,4269.7,125.7616,bid,1757015251070
1757015251.3838313,4269.8,16.9327,ask,1757015251070
1757015251.7739887,4269.7,123.5151,bid,1757015251485
1757015251.7739887,4269.8,16.9327,ask,1757015251485
1757015251.9030554,4269.7,123.5151,bid,1757015251534
1757015251.9030554,4269.8,16.6428,ask,1757015251534
1757015251.9380188,4269.7,123.5151,bid,1757015251663
1757015251.9380188,4269.8,16.9327,ask,1757015251663
1757015252.2693584,4269.7,123.4463,bid,1757015251933
1757015252.2693584,4269.8,16.9327,ask,1757015251933
1757015252.5099888,4269.7,125.6811,bid,1757015252120
1757015252.5099888,4269.8,16.6428,ask,1757015252120
1757015252.6336393,4269.7,123.4463,bid,1757015252350
1757015252.6336393,4269.8,16.9327,ask,1757015252350
1757015253.1019912,4269.7,123.4463,bid,1757015252667
1757015253.1019912,4269.8,13.4197,ask,1757015252667
1757015253.1279233,4269.7,125.7385,bid,1757015252752
1757015253.1279233,4269.8,13.1,ask,1757015252752
1757015253.136238,4269.7,125.7385,bid,1757015252853
1757015253.136238,4269.8,19.2693,ask,1757015252853
1757015253.2227018,4269.7,125.7385,bid,1757015252953
1757015253.2227018,4269.8,13.3484,ask,1757015252953
1757015253.3980403,4269.7,123.5151,bid,1757015253072
1757015253.3980403,4269.8,16.8614,ask,1757015253072
1757015253.680685,4269.7,123.5151,bid,1757015253273
1757015253.680685,4269.8,22.7465,ask,1757015253273
1757015253.803693,4269.7,123.6251,bid,1757015253478
1757015253.803693,4269.8,16.8614,ask,1757015253478
1757015253.8939128,4269.7,149.0134,bid,1757015253555
1757015253.8939128,4269.8,7.0605,ask,1757015253555
1757015254.0925581,4269.7,538.6544,bid,1757015253678
1757015254.0925581,4269.8,5.9439,ask,1757015253678
1757015254.1146235,4269.7,545.6805,bid,1757015253795
1757015254.1146235,4269.8,0.0411,ask,1757015253795
1757015254.2147226,4269.7,548.1965,bid,1757015253799
1757015254.2147226,4269.8,0.0411,ask,1757015253799
1757015254.3600924,4269.7,602.4623,bid,1757015253999
1757015254.3600924,4269.8,0.0411,ask,1757015253999
1757015254.5515103,4269.7,602.4623,bid,1757015254161
1757015254.5515103,4269.8,0.2781,ask,1757015254161
1757015254.5620153,4269.7,602.4623,bid,1757015254200
1757015254.5620153,4269.8,0.0371,ask,1757015254200
1757015254.7976382,4269.7,478.4062,bid,1757015254433
1757015254.7976382,4270.0,10.9997,ask,1757015254433
1757015255.0797772,4269.9,272.0629,bid,1757015254601
1757015255.0797772,4270.0,22.9978,ask,1757015254601
1757015255.327543,4269.9,395.3214,bid,1757015254731
1757015255.327543,4270.0,11.2896,ask,1757015254731
1757015255.690137,4269.9,330.1162,bid,1757015254810
1757015255.690137,4270.0,28.6017,ask,1757015254810
1757015255.690137,4269.9,85.4897,bid,1757015254859
1757015255.690137,4270.0,185.1528,ask,1757015254859
1757015255.763003,4269.9,35.7318,bid,1757015255036
1757015255.763003,4270.0,181.5784,ask,1757015255036
1757015255.8385725,4269.9,33.3725,bid,1757015255211
1757015255.8385725,4270.0,238.0225,ask,1757015255211
1757015255.8473854,4269.9,0.8645,bid,1757015255275
1757015255.8473854,4270.0,240.5779,ask,1757015255275
1757015255.8731177,4269.9,0.8645,bid,1757015255413
1757015255.8731177,4270.0,248.6594,ask,1757015255413
1757015255.9821906,4269.9,0.8645,bid,1757015255517
1757015255.9821906,4270.0,269.7314,ask,1757015255517
1757015255.9861968,4269.9,0.4323,bid,1757015255576
1757015255.9861968,4270.0,271.3675,ask,1757015255576
1757015256.0005162,4269.9,0.4323,bid,1757015255642
1757015256.0005162,4270.0,271.9477,ask,1757015255642
1757015256.1325994,4269.6,0.011,bid,1757015255742
1757015256.1325994,4270.0,512.7668,ask,1757015255742
1757015256.2003572,4269.4,5.8548,bid,1757015255813
1757015256.2003572,4269.7,363.1046,ask,1757015255813
1757015256.247944,4269.4,5.8548,bid,1757015255944
1757015256.247944,4269.5,29.6908,ask,1757015255944
1757015256.4064405,4269.4,5.8548,bid,1757015256065
1757015256.4064405,4269.5,54.441,ask,1757015256065
1757015256.505146,4269.4,5.8548,bid,1757015256167
1757015256.505146,4269.5,146.67,ask,1757015256167
1757015256.572591,4269.3,15.3608,bid,1757015256292
1757015256.572591,4269.5,152.7285,ask,1757015256292
1757015256.7112553,4269.1,8.4081,bid,1757015256367
1757015256.7112553,4269.4,330.7667,ask,1757015256367
1757015256.8248324,4268.6,11.2211,bid,1757015256435
1757015256.8248324,4269.2,72.7078,ask,1757015256435
1757015256.9083326,4268.6,11.2211,bid,1757015256614
1757015256.9083326,4268.7,43.7402,ask,1757015256614
1757015257.0009513,4268.6,1.4211,bid,1757015256717
1757015257.0009513,4268.7,95.1707,ask,1757015256717
1757015257.1633484,4268.6,0.1326,bid,1757015256818
1757015257.1633484,4268.7,190.5925,ask,1757015256818
1757015257.316546,4268.6,108.197,bid,1757015256865
1757015257.316546,4268.7,297.3425,ask,1757015256865
1757015257.5109289,4268.6,81.0414,bid,1757015257065
1757015257.5109289,4268.7,273.0684,ask,1757015257065
1757015257.5571504,4268.6,150.3062,bid,1757015257140
1757015257.5571504,4268.7,270.4963,ask,1757015257140
1757015257.6746194,4268.6,280.2323,bid,1757015257358
1757015257.6746194,4268.7,131.7192,ask,1757015257358
1757015257.8972273,4268.6,225.8745,bid,1757015257561
1757015257.8972273,4268.7,113.8449,ask,1757015257561
1757015258.0512624,4268.6,231.1866,bid,1757015257700
1757015258.0512624,4268.7,109.6769,ask,1757015257700
1757015258.2741935,4268.6,346.227,bid,1757015257902
1757015258.2741935,4268.7,83.1097,ask,1757015257902
1757015258.3800254,4268.6,346.1966,bid,1757015258030
1757015258.3800254,4268.7,83.1062,ask,1757015258030
1757015258.4758885,4268.6,463.7729,bid,1757015258090
1757015258.4758885,4268.7,64.6053,ask,1757015258090
1757015258.7190776,4268.6,463.7729,bid,1757015258454
1757015258.7190776,4268.7,64.5508,ask,1757015258454
1757015259.1648571,4268.6,463.7729,bid,1757015258840
1757015259.1648571,4268.7,65.712,ask,1757015258840
1757015259.3194666,4268.6,463.8417,bid,1757015259025
1757015259.3194666,4268.7,65.712,ask,1757015259025
1757015259.663108,4268.6,463.8417,bid,1757015259315
1757015259.663108,4268.7,65.471,ask,1757015259315
1757015259.798016,4268.6,467.2861,bid,1757015259411
1757015259.798016,4268.7,65.471,ask,1757015259411
1757015260.019319,4268.6,467.5034,bid,1757015259720
1757015260.019319,4268.7,65.471,ask,1757015259720
1757015260.6142411,4268.6,470.8892,bid,1757015259917
1757015260.6142411,4268.7,65.471,ask,1757015259917
1757015260.63637,4268.6,644.8706,bid,1757015260145
1757015260.63637,4268.7,3.54,ask,1757015260145
1757015260.7987316,4268.6,645.2448,bid,1757015260289
1757015260.7987316,4268.7,3.54,ask,1757015260289
1757015260.9811227,4268.6,645.2448,bid,1757015260678
1757015260.9811227,4268.8,0.0427,ask,1757015260678
1757015261.0844684,4268.7,291.5471,bid,1757015260793
1757015261.0844684,4268.8,0.0427,ask,1757015260793
1757015261.1349494,4268.7,551.7974,bid,1757015260868
1757015261.1349494,4268.8,0.0427,ask,1757015260868
1757015261.17999,4268.7,707.1544,bid,1757015260925
1757015261.17999,4268.8,0.0427,ask,1757015260925
1757015261.3858757,4268.7,1328.7326,bid,1757015260989
1757015261.3858757,4268.9,0.0427,ask,1757015260989
1757015261.5284925,4268.8,9.5915,bid,1757015261131
1757015261.5284925,4268.9,0.0427,ask,1757015261131
1757015261.5672822,4268.8,165.6475,bid,1757015261225
1757015261.5672822,4268.9,0.0427,ask,1757015261225
1757015261.6021755,4268.8,368.6311,bid,1757015261333
1757015261.6021755,4268.9,0.0427,ask,1757015261333
1757015261.7118337,4268.8,686.4928,bid,1757015261416
1757015261.7118337,4268.9,0.0427,ask,1757015261416
1757015261.8392537,4268.8,920.3923,bid,1757015261535
1757015261.8392537,4268.9,0.0427,ask,1757015261535
1757015261.9475112,4268.8,779.9152,bid,1757015261624
1757015261.9475112,4268.9,0.0427,ask,1757015261624
1757015261.9888933,4268.8,636.2948,bid,1757015261676
1757015261.9888933,4268.9,0.0427,ask,1757015261676
1757015262.1521695,4268.8,284.7161,bid,1757015261836
1757015262.1521695,4268.9,18.8943,ask,1757015261836
1757015262.1979425,4268.8,180.2081,bid,1757015261920
1757015262.1979425,4268.9,32.1611,ask,1757015261920
1757015262.2992911,4268.8,10.1937,bid,1757015261978
1757015262.2992911,4268.9,42.2391,ask,1757015261978
1757015262.528814,4268.8,0.24,bid,1757015262138
1757015262.528814,4268.9,61.4517,ask,1757015262138
1757015262.6676354,4268.8,0.24,bid,1757015262215
1757015262.6676354,4268.9,61.7416,ask,1757015262215
1757015262.6676354,4268.8,0.24,bid,1757015262339
1757015262.6676354,4268.9,73.0609,ask,1757015262339
1757015262.6895556,4268.8,0.24,bid,1757015262408
1757015262.6895556,4268.9,73.9313,ask,1757015262408
1757015262.8165097,4268.8,0.24,bid,1757015262534
1757015262.8165097,4268.9,74.0413,ask,1757015262534
1757015262.9604282,4268.7,5.8558,bid,1757015262641
1757015262.9604282,4268.9,77.555,ask,1757015262641
1757015263.0667834,4268.7,5.8558,bid,1757015262703
1757015263.0667834,4268.8,158.5743,ask,1757015262703
1757015263.073021,4268.7,5.8558,bid,1757015262772
1757015263.073021,4268.8,288.375,ask,1757015262772
1757015263.1620667,4268.7,5.8558,bid,1757015262854
1757015263.1620667,4268.8,448.4091,ask,1757015262854
1757015263.203052,4268.7,5.8558,bid,1757015262911
1757015263.203052,4268.8,681.5427,ask,1757015262911
1757015263.2798452,4268.7,5.8558,bid,1757015262999
1757015263.2798452,4268.8,785.6188,ask,1757015262999
1757015263.3812504,4268.7,5.8558,bid,1757015263058
1757015263.3812504,4268.8,696.1492,ask,1757015263058
1757015263.460239,4268.7,5.8558,bid,1757015263143
1757015263.460239,4268.8,460.3785,ask,1757015263143
1757015263.592381,4268.6,0.9826,bid,1757015263201
1757015263.592381,4268.8,367.3305,ask,1757015263201
1757015263.6549313,4268.6,0.9826,bid,1757015263336
1757015263.6549313,4268.7,590.6593,ask,1757015263336
1757015263.730786,4268.6,0.0688,bid,1757015263474
1757015263.730786,4268.7,712.0435,ask,1757015263474
1757015263.8135881,4268.6,0.0688,bid,1757015263500
1757015263.8135881,4268.7,850.1644,ask,1757015263500
1757015263.89216,4268.6,0.0688,bid,1757015263658
1757015263.89216,4268.7,959.9074,ask,1757015263658
1757015263.989734,4268.6,0.0688,bid,1757015263684
1757015263.989734,4268.7,766.8618,ask,1757015263684
1757015264.021472,4268.6,1.2493,bid,1757015263726
1757015264.021472,4268.7,686.4457,ask,1757015263726
1757015264.0952055,4268.6,1.2493,bid,1757015263791
1757015264.0952055,4268.7,472.3016,ask,1757015263791
1757015264.199478,4268.6,1.2493,bid,1757015263872
1757015264.199478,4268.7,366.2041,ask,1757015263872
1757015264.2655134,4268.6,1.2493,bid,1757015263948
1757015264.2655134,4268.7,341.8337,ask,1757015263948
1757015264.4414535,4268.6,1.1696,bid,1757015264053
1757015264.4414535,4268.7,296.6569,ask,1757015264053
1757015264.466635,4268.6,7.0254,bid,1757015264126
1757015264.466635,4268.7,266.3396,ask,1757015264126
1757015264.5216517,4268.6,7.0254,bid,1757015264195
1757015264.5216517,4268.7,253.1224,ask,1757015264195
1757015264.65945,4268.6,1.1696,bid,1757015264338
1757015264.65945,4268.7,253.1876,ask,1757015264338
1757015264.683319,4268.6,7.0255,bid,1757015264394
1757015264.683319,4268.7,234.7858,ask,1757015264394
1757015265.362984,4268.6,7.0255,bid,1757015264498
1757015265.362984,4268.7,227.6269,ask,1757015264498
1757015265.3753903,4268.6,7.0255,bid,1757015264689
1757015265.3753903,4268.7,171.3677,ask,1757015264689
1757015266.5706022,4268.6,7.0255,bid,1757015264875
1757015266.5706022,4268.7,170.1288,ask,1757015264875
1757015267.9973762,4268.6,9.634,bid,1757015265227
1757015267.9973762,4268.7,130.9505,ask,1757015265227
1757015268.2837763,4268.6,3.7781,bid,1757015265360
1757015268.2837763,4268.7,142.4247,ask,1757015265360
1757015268.2837763,4268.6,3.7781,bid,1757015265562
1757015268.2837763,4268.7,131.7653,ask,1757015265562
1757015268.2837763,4268.6,3.7781,bid,1757015265688
1757015268.2837763,4268.7,137.6428,ask,1757015265688
1757015268.2837763,4268.6,9.6339,bid,1757015265834
1757015268.2837763,4268.7,114.7988,ask,1757015265834
1757015268.2979293,4268.6,9.6339,bid,1757015266230
1757015268.2979293,4269.0,71.334,ask,1757015266230
1757015268.4576273,4268.6,9.6339,bid,1757015266381
1757015268.4576273,4268.7,5.8922,ask,1757015266381
1757015268.5251226,4268.6,3.7781,bid,1757015266586
1757015268.5251226,4268.7,5.8922,ask,1757015266586
1757015268.5251226,4268.6,115.4259,bid,1757015266782
1757015268.5251226,4268.7,5.8922,ask,1757015266782
1757015268.5251226,4268.6,174.3239,bid,1757015266904
1757015268.5251226,4269.0,5.8555,ask,1757015266904
1757015268.5251226,4268.9,188.0539,bid,1757015267065
1757015268.5251226,4269.0,9.3692,ask,1757015267065
1757015268.590574,4268.9,250.4694,bid,1757015267188
1757015268.590574,4269.0,9.3692,ask,1757015267188
1757015268.698258,4268.9,186.3076,bid,1757015267277
1757015268.698258,4269.0,16.4903,ask,1757015267277
1757015268.698258,4268.9,119.0699,bid,1757015267343
1757015268.698258,4269.0,81.038,ask,1757015267343
1757015268.698258,4268.9,86.6637,bid,1757015267420
1757015268.698258,4269.0,175.7762,ask,1757015267420
1757015268.7661326,4268.9,86.6637,bid,1757015267487
1757015268.7661326,4269.0,175.7763,ask,1757015267487
1757015268.7764132,4268.9,2.2372,bid,1757015267590
1757015268.7764132,4269.0,127.8398,ask,1757015267590
1757015268.8009567,4268.9,0.1784,bid,1757015267687
1757015268.8009567,4269.0,222.2618,ask,1757015267687
1757015268.8009567,4268.9,0.1784,bid,1757015267993
1757015268.8009567,4269.0,245.5196,ask,1757015267993
1757015268.8172402,4268.9,0.1784,bid,1757015268094
1757015268.8172402,4269.0,382.7134,ask,1757015268094
1757015268.8332431,4268.3,0.9138,bid,1757015268216
1757015268.8332431,4268.4,49.0372,ask,1757015268216
1757015268.859303,4268.3,0.9138,bid,1757015268395
1757015268.859303,4268.4,156.737,ask,1757015268395
1757015268.9992712,4268.3,0.9138,bid,1757015268452
1757015268.9992712,4268.4,176.1495,ask,1757015268452
1757015268.9992712,4268.3,0.9138,bid,1757015268513
1757015268.9992712,4268.4,200.5088,ask,1757015268513
1757015269.1811688,4268.3,134.6155,bid,1757015268660
1757015269.1811688,4268.4,268.9384,ask,1757015268660
1757015269.2492101,4268.3,15.0049,bid,1757015268923
1757015269.2492101,4268.4,110.9982,ask,1757015268923
1757015269.3331242,4268.3,45.663,bid,1757015268976
1757015269.3331242,4268.4,71.6345,ask,1757015268976
1757015269.5251536,4268.3,51.163,bid,1757015269149
1757015269.5251536,4268.4,60.4873,ask,1757015269149
1757015269.5349665,4268.3,91.08,bid,1757015269222
1757015269.5349665,4268.4,37.2523,ask,1757015269222
1757015269.5704095,4268.3,91.08,bid,1757015269341
1757015269.5704095,4268.4,43.4215,ask,1757015269341
1757015269.7612078,4268.3,390.2271,bid,1757015269430
1757015269.7612078,4268.4,37.4953,ask,1757015269430
1757015270.071255,4268.3,604.992,bid,1757015269544
1757015270.071255,4268.4,5.3476,ask,1757015269544
1757015270.0749173,4268.3,613.4262,bid,1757015269632
1757015270.0749173,4268.4,0.3476,ask,1757015269632
1757015270.0749173,4268.3,613.4262,bid,1757015269754
1757015270.0749173,4268.4,0.1281,ask,1757015269754
1757015270.5290754,4268.3,614.595,bid,1757015269799
1757015270.5290754,4268.4,0.0854,ask,1757015269799
1757015270.5290754,4268.3,614.595,bid,1757015269957
1757015270.5290754,4268.4,0.0309,ask,1757015269957
1757015270.7124496,4268.3,434.8597,bid,1757015269999
1757015270.7124496,4268.4,0.0309,ask,1757015269999
1757015270.7502701,4268.3,437.0213,bid,1757015270310
1757015270.7502701,4268.5,0.0854,ask,1757015270310
1757015270.8754125,4268.4,580.7397,bid,1757015270588
1757015270.8754125,4268.5,0.1281,ask,1757015270588
1757015271.0245383,4268.4,882.222,bid,1757015270637
1757015271.0245383,4268.5,0.2562,ask,1757015270637
1757015271.138891,4268.4,1043.069,bid,1757015270689
1757015271.138891,4268.5,0.2135,ask,1757015270689
1757015271.1888342,4268.4,1452.3506,bid,1757015270830
1757015271.1888342,4268.5,0.2135,ask,1757015270830
1757015271.2023723,4268.4,1601.3208,bid,1757015270884
1757015271.2023723,4268.5,0.2135,ask,1757015270884
1757015271.4299834,4268.4,1395.3648,bid,1757015271043
1757015271.4299834,4268.5,0.2135,ask,1757015271043
1757015271.5071013,4268.4,1101.5423,bid,1757015271115
1757015271.5071013,4268.5,0.0854,ask,1757015271115
1757015271.591137,4268.4,1044.3847,bid,1757015271190
1757015271.591137,4268.5,0.0854,ask,1757015271190
1757015271.730354,4268.4,989.3684,bid,1757015271392
1757015271.730354,4268.5,0.0556,ask,1757015271392
1757015271.8084555,4268.4,986.7435,bid,1757015271486
1757015271.8084555,4269.0,0.0688,ask,1757015271486
1757015271.9056277,4268.9,163.7996,bid,1757015271594
1757015271.9056277,4269.0,0.0688,ask,1757015271594
1757015272.0203152,4268.9,192.5335,bid,1757015271677
1757015272.0203152,4269.0,0.0688,ask,1757015271677
1757015272.1866167,4268.9,206.9068,bid,1757015271724
1757015272.1866167,4269.2,11.7103,ask,1757015271724
1757015272.2505715,4269.1,1.1575,bid,1757015271881
1757015272.2505715,4269.2,11.7103,ask,1757015271881
1757015272.282163,4269.1,22.9403,bid,1757015271967
1757015272.282163,4269.2,11.7103,ask,1757015271967
1757015272.4514568,4269.1,138.7425,bid,1757015272016
1757015272.4514568,4269.6,15.3416,ask,1757015272016
1757015272.8307068,4269.5,54.1281,bid,1757015272184
1757015272.8307068,4269.6,15.2238,ask,1757015272184
1757015272.8307068,4269.5,72.2584,bid,1757015272258
1757015272.8307068,4269.6,15.2238,ask,1757015272258
1757015272.8418171,4269.5,224.4591,bid,1757015272381
1757015272.8418171,4269.6,15.2238,ask,1757015272381
1757015272.90255,4269.5,306.6537,bid,1757015272450
1757015272.90255,4269.6,11.7106,ask,1757015272450
1757015272.9596372,4269.5,268.8165,bid,1757015272603
1757015272.9596372,4269.6,12.0005,ask,1757015272603
1757015273.0178506,4269.5,309.1735,bid,1757015272675
1757015273.0178506,4269.6,12.0005,ask,1757015272675
1757015273.0905802,4269.5,275.5794,bid,1757015272788
1757015273.0905802,4269.6,30.3477,ask,1757015272788
1757015273.207226,4269.5,244.9577,bid,1757015272843
1757015273.207226,4269.6,30.3477,ask,1757015272843
1757015273.207226,4269.5,236.498,bid,1757015272902
1757015273.207226,4269.6,30.3477,ask,1757015272902
1757015273.468961,4269.5,233.8046,bid,1757015273037
1757015273.468961,4269.6,24.4461,ask,1757015273037
1757015273.4801013,4269.5,221.807,bid,1757015273192
1757015273.4801013,4269.6,30.3009,ask,1757015273192
1757015273.5578268,4269.5,221.807,bid,1757015273295
1757015273.5578268,4269.6,30.5908,ask,1757015273295
1757015273.64756,4269.5,191.1598,bid,1757015273324
1757015273.64756,4269.6,30.5908,ask,1757015273324
1757015273.6908915,4269.5,191.0258,bid,1757015273395
1757015273.6908915,4269.6,30.5908,ask,1757015273395
1757015273.8311331,4269.5,191.0685,bid,1757015273544
1757015273.8311331,4269.6,30.561,ask,1757015273544
1757015273.859529,4269.5,47.8264,bid,1757015273596
1757015273.859529,4269.6,30.561,ask,1757015273596
1757015273.9137242,4269.5,42.7277,bid,1757015273700
1757015273.9137242,4269.6,30.561,ask,1757015273700
1757015274.0257843,4269.5,42.7277,bid,1757015273740
1757015274.0257843,4269.6,42.2157,ask,1757015273740
1757015274.0558393,4269.5,42.7277,bid,1757015273795
1757015274.0558393,4269.6,45.7289,ask,1757015273795
1757015274.147077,4269.5,42.6423,bid,1757015273902
1757015274.147077,4269.6,45.7289,ask,1757015273902
1757015274.3184705,4269.5,167.6766,bid,1757015273994
1757015274.3184705,4269.6,39.5842,ask,1757015273994
1757015274.512453,4269.5,180.4731,bid,1757015274105
1757015274.512453,4269.6,39.5842,ask,1757015274105
1757015274.527942,4269.5,39.8166,bid,1757015274196
1757015274.527942,4269.6,39.5842,ask,1757015274196
1757015274.5359366,4269.5,32.7736,bid,1757015274299
1757015274.5359366,4269.6,39.8741,ask,1757015274299
1757015274.6826384,4269.5,32.7736,bid,1757015274409
1757015274.6826384,4269.6,39.6311,ask,1757015274409
1757015274.7807086,4269.5,32.7736,bid,1757015274501
1757015274.7807086,4269.6,45.4857,ask,1757015274501
1757015274.9597187,4269.5,152.1343,bid,1757015274703
1757015274.9597187,4269.6,45.4857,ask,1757015274703
1757015275.1428993,4269.5,165.0162,bid,1757015274877
1757015275.1428993,4269.6,45.7277,ask,1757015274877
1757015275.9424706,4269.5,165.0162,bid,1757015275194
1757015275.9424706,4269.6,45.4857,ask,1757015275194
1757015275.9781399,4269.5,165.0162,bid,1757015275276
1757015275.9781399,4269.6,45.1957,ask,1757015275276
1757015275.9839659,4269.5,47.2881,bid,1757015275500
1757015275.9839659,4269.6,26.9331,ask,1757015275500
1757015275.9839659,4269.5,47.2881,bid,1757015275581
1757015275.9839659,4269.6,12.0006,ask,1757015275581
1757015276.0918667,4269.5,124.8165,bid,1757015275717
1757015276.0918667,4269.6,12.0006,ask,1757015275717
1757015276.1581051,4269.5,204.3614,bid,1757015275783
1757015276.1581051,4269.6,12.0694,ask,1757015275783
1757015276.246358,4269.5,204.3614,bid,1757015275900
1757015276.246358,4269.6,23.7788,ask,1757015275900
1757015276.4007604,4269.5,204.3614,bid,1757015276021
1757015276.4007604,4269.6,23.4889,ask,1757015276021
1757015276.5189786,4269.5,336.8203,bid,1757015276074
1757015276.5189786,4269.6,11.7795,ask,1757015276074
1757015276.6724288,4269.5,337.9891,bid,1757015276377
1757015276.6724288,4269.6,11.7795,ask,1757015276377
1757015277.0414402,4269.5,285.2974,bid,1757015276702
1757015277.0414402,4269.6,11.7795,ask,1757015276702
1757015277.3257165,4269.5,285.2974,bid,1757015276904
1757015277.3257165,4269.6,11.6952,ask,1757015276904
1757015277.4407685,4269.5,260.7038,bid,1757015277025
1757015277.4407685,4269.6,11.6903,ask,1757015277025
1757015277.5125601,4269.5,260.7038,bid,1757015277111
1757015277.5125601,4269.6,11.9323,ask,1757015277111
1757015277.7565653,4269.5,260.7038,bid,1757015277425
1757015277.7565653,4269.6,11.6903,ask,1757015277425
1757015277.8512497,4269.5,337.9864,bid,1757015277524
1757015277.8512497,4269.6,11.6903,ask,1757015277524
1757015278.019646,4269.5,208.0111,bid,1757015277627
1757015278.019646,4269.6,11.6903,ask,1757015277627
1757015278.168542,4269.5,260.7037,bid,1757015277826
1757015278.168542,4269.6,11.8635,ask,1757015277826
1757015278.2497878,4269.5,260.3837,bid,1757015277922
1757015278.2497878,4269.6,15.3767,ask,1757015277922
1757015278.3815522,4269.5,260.3837,bid,1757015278026
1757015278.3815522,4269.6,15.3709,ask,1757015278026
1757015278.5872018,4269.5,260.4525,bid,1757015278202
1757015278.5872018,4269.6,11.8577,ask,1757015278202
1757015278.798537,4269.5,260.4525,bid,1757015278432
1757015278.798537,4269.6,17.7123,ask,1757015278432
1757015278.9629562,4269.5,258.1892,bid,1757015278631
1757015278.9629562,4269.6,29.4219,ask,1757015278631
1757015279.0702784,4269.5,258.1892,bid,1757015278725
1757015279.0702784,4269.6,23.5673,ask,1757015278725
1757015279.2096786,4269.5,258.1892,bid,1757015278830
1757015279.2096786,4269.6,27.0805,ask,1757015278830
1757015279.5823085,4269.5,258.1892,bid,1757015279323
1757015279.5823085,4269.6,23.5673,ask,1757015279323
1757015279.6518316,4269.5,258.1892,bid,1757015279381
1757015279.6518316,4269.6,11.8279,ask,1757015279381
1757015279.7020998,4269.5,335.4715,bid,1757015279438
1757015279.7020998,4269.6,11.5859,ask,1757015279438
1757015279.7637978,4269.5,433.8308,bid,1757015279529
1757015279.7637978,4269.6,11.5859,ask,1757015279529
1757015279.8568802,4269.5,335.5886,bid,1757015279584
1757015279.8568802,4269.8,11.7336,ask,1757015279584
1757015279.9053307,4269.7,232.038,bid,1757015279640
1757015279.9053307,4269.8,0.1171,ask,1757015279640
1757015279.9724882,4269.7,365.7235,bid,1757015279729
1757015279.9724882,4269.8,0.1171,ask,1757015279729
1757015280.0740054,4269.7,414.958,bid,1757015279782
1757015280.0740054,4269.8,11.5754,ask,1757015279782
1757015280.1596808,4269.7,390.4933,bid,1757015279843
1757015280.1596808,4269.8,17.3128,ask,1757015279843
1757015280.2280066,4269.7,452.5966,bid,1757015279929
1757015280.2280066,4269.8,17.3128,ask,1757015279929
1757015280.26095,4269.7,318.9771,bid,1757015279992
1757015280.26095,4269.8,17.3128,ask,1757015279992
1757015280.7088902,4269.7,246.174,bid,1757015280070
1757015280.7088902,4269.8,20.8258,ask,1757015280070
1757015280.9727778,4269.7,215.7605,bid,1757015280184
1757015280.9727778,4269.8,20.8258,ask,1757015280184
1757015280.9727778,4269.7,53.2534,bid,1757015280405
1757015280.9727778,4269.8,21.0678,ask,1757015280405
1757015280.973821,4269.7,32.2357,bid,1757015280564
1757015280.973821,4269.8,27.3496,ask,1757015280564
1757015281.0699737,4269.7,1.4052,bid,1757015280647
1757015281.0699737,4269.8,261.4707,ask,1757015280647
1757015281.2327054,4269.7,1.4052,bid,1757015280881
1757015281.2327054,4269.8,176.6711,ask,1757015280881
1757015281.4129422,4269.2,0.9138,bid,1757015281075
1757015281.4129422,4269.6,221.2504,ask,1757015281075
1757015281.6197574,4269.2,0.9138,bid,1757015281274
1757015281.6197574,4269.3,121.2795,ask,1757015281274
1757015281.7185974,4269.2,0.9138,bid,1757015281374
1757015281.7185974,4269.3,175.109,ask,1757015281374
1757015281.8201504,4269.2,0.9138,bid,1757015281450
1757015281.8201504,4269.3,328.0881,ask,1757015281450
1757015281.9164681,4269.2,0.9138,bid,1757015281572
1757015281.9164681,4269.3,381.7722,ask,1757015281572
1757015282.035453,4269.2,298.3123,bid,1757015281654
1757015282.035453,4269.3,323.0337,ask,1757015281654
1757015282.1553295,4269.2,215.0761,bid,1757015281655
1757015282.1553295,4269.3,251.8756,ask,1757015281655
1757015282.2358625,4269.2,216.2449,bid,1757015281850
1757015282.2358625,4269.3,216.6902,ask,1757015281850
1757015282.4865732,4269.2,282.9326,bid,1757015282080
1757015282.4865732,4269.3,111.0834,ask,1757015282080
1757015282.6500697,4269.2,593.5429,bid,1757015282179
1757015282.6500697,4269.3,5.0,ask,1757015282179
1757015282.7052407,4269.2,607.5403,bid,1757015282378
1757015282.7052407,4269.3,0.242,ask,1757015282378
1757015283.007357,4269.2,553.3845,bid,1757015282644
1757015283.007357,4269.6,11.6487,ask,1757015282644
1757015283.0743883,4269.5,36.5614,bid,1757015282693
1757015283.0743883,4269.6,11.6487,ask,1757015282693
1757015283.0860333,4269.5,29.7839,bid,1757015282732
1757015283.0860333,4269.6,11.6487,ask,1757015282732
1757015283.144043,4269.5,29.9606,bid,1757015282780
1757015283.144043,4269.6,0.2899,ask,1757015282780
1757015283.166553,4269.5,86.1739,bid,1757015282886
1757015283.166553,4269.6,0.2899,ask,1757015282886
1757015283.2554722,4269.5,251.2411,bid,1757015282957
1757015283.2554722,4269.6,0.2899,ask,1757015282957
1757015283.4351583,4269.5,426.555,bid,1757015283107
1757015283.4351583,4269.6,0.2749,ask,1757015283107
1757015283.5461926,4269.5,409.9745,bid,1757015283239
1757015283.5461926,4269.8,29.2727,ask,1757015283239
1757015283.690596,4269.7,27.5997,bid,1757015283366
1757015283.690596,4269.8,23.4183,ask,1757015283366
1757015283.790876,4269.7,31.497,bid,1757015283494
1757015283.790876,4269.8,26.9313,ask,1757015283494
1757015283.8929634,4269.7,35.6101,bid,1757015283564
1757015283.8929634,4269.8,15.222,ask,1757015283564
1757015284.1146007,4269.7,63.3838,bid,1757015283762
1757015284.1146007,4269.8,21.8584,ask,1757015283762
1757015284.1293194,4269.7,54.6034,bid,1757015283864
1757015284.1293194,4269.8,33.5675,ask,1757015283864
1757015284.1443477,4269.7,56.9025,bid,1757015283929
1757015284.1443477,4269.8,33.5675,ask,1757015283929
1757015284.3560991,4269.7,56.8209,bid,1757015284000
1757015284.3560991,4269.8,33.8534,ask,1757015284000
1757015284.401044,4269.7,119.011,bid,1757015284067
1757015284.401044,4269.8,33.8534,ask,1757015284067
1757015284.5022953,4269.7,116.3624,bid,1757015284151
1757015284.5022953,4269.8,33.8534,ask,1757015284151
1757015284.5629525,4269.7,116.3216,bid,1757015284217
1757015284.5629525,4269.8,33.3782,ask,1757015284217
1757015284.58683,4269.7,18.9998,bid,1757015284291
1757015284.58683,4269.8,33.3782,ask,1757015284291
1757015284.66327,4269.7,18.959,bid,1757015284418
1757015284.66327,4269.8,33.3782,ask,1757015284418
1757015284.7429154,4269.7,45.461,bid,1757015284490
1757015284.7429154,4269.8,33.3782,ask,1757015284490
1757015284.9770484,4269.7,18.9545,bid,1757015284693
1757015284.9770484,4269.8,33.3782,ask,1757015284693
1757015285.0676057,4269.7,13.1001,bid,1757015284754
1757015285.0676057,4269.8,33.3782,ask,1757015284754
1757015285.1408916,4269.7,101.2801,bid,1757015284893
1757015285.1408916,4269.8,33.6202,ask,1757015284893
1757015285.322617,4269.7,107.1344,bid,1757015285019
1757015285.322617,4269.8,33.6202,ask,1757015285019
1757015285.8065789,4269.7,13.1001,bid,1757015285103
1757015285.8065789,4269.8,33.7302,ask,1757015285103
1757015285.8065789,4269.7,13.1001,bid,1757015285154
1757015285.8065789,4269.8,39.2302,ask,1757015285154
1757015285.8065789,4269.7,45.889,bid,1757015285307
1757015285.8065789,4269.8,39.2302,ask,1757015285307
1757015286.010446,4269.7,10.7581,bid,1757015285555
1757015286.010446,4269.8,39.2302,ask,1757015285555
1757015286.010446,4269.7,10.7581,bid,1757015285624
1757015286.010446,4269.8,45.0876,ask,1757015285624
1757015286.0748694,4269.7,10.7581,bid,1757015285699
1757015286.0748694,4269.8,39.2302,ask,1757015285699
1757015286.4045782,4269.7,18.9543,bid,1757015285901
1757015286.4045782,4269.8,30.2172,ask,1757015285901
1757015286.405131,4269.7,24.4543,bid,1757015286007
1757015286.405131,4269.8,23.9701,ask,1757015286007
1757015286.405131,4269.7,18.6001,bid,1757015286061
1757015286.405131,4269.8,23.9701,ask,1757015286061
1757015286.5562854,4269.7,193.2835,bid,1757015286222
1757015286.5562854,4269.8,12.0116,ask,1757015286222
1757015286.6743221,4269.7,437.5659,bid,1757015286284
1757015286.6743221,4269.8,0.7818,ask,1757015286284
1757015286.8519378,4269.7,462.4371,bid,1757015286391
1757015286.8519378,4269.8,0.7818,ask,1757015286391
1757015286.8627205,4269.7,465.6692,bid,1757015286452
1757015286.8627205,4270.0,10.7143,ask,1757015286452
1757015286.946908,4269.9,340.0834,bid,1757015286557
1757015286.946908,4270.0,10.7143,ask,1757015286557
1757015287.0218883,4269.9,380.9268,bid,1757015286623
1757015287.0218883,4270.0,10.7143,ask,1757015286623
1757015287.132697,4269.9,553.0919,bid,1757015286739
1757015287.132697,4270.0,10.7143,ask,1757015286739
1757015287.313918,4269.9,627.0577,bid,1757015286920
1757015287.313918,4270.0,10.7143,ask,1757015286920
1757015287.4918368,4269.9,680.9069,bid,1757015287028
1757015287.4918368,4270.0,10.7143,ask,1757015287028
1757015287.6166492,4269.9,784.3,bid,1757015287142
1757015287.6166492,4270.0,10.7143,ask,1757015287142
1757015287.7600636,4269.9,779.9383,bid,1757015287352
1757015287.7600636,4270.0,10.7143,ask,1757015287352
1757015287.7751558,4269.9,763.1648,bid,1757015287427
1757015287.7751558,4270.0,10.7143,ask,1757015287427
1757015287.8976884,4269.9,774.9699,bid,1757015287523
1757015287.8976884,4270.0,10.7143,ask,1757015287523
1757015288.0454571,4269.9,786.8553,bid,1757015287658
1757015288.0454571,4270.0,10.7143,ask,1757015287658
1757015288.1306446,4269.9,786.8145,bid,1757015287754
1757015288.1306446,4270.0,10.7143,ask,1757015287754
1757015288.191823,4269.9,786.7737,bid,1757015287820
1757015288.191823,4270.0,10.7143,ask,1757015287820
1757015288.5450008,4269.9,789.1432,bid,1757015288030
1757015288.5450008,4270.0,10.7109,ask,1757015288030
1757015288.5455248,4269.9,789.1024,bid,1757015288144
1757015288.5455248,4270.0,10.7109,ask,1757015288144
1757015288.687686,4269.9,789.1024,bid,1757015288256
1757015288.687686,4270.1,1.3,ask,1757015288256
1757015288.728755,4270.0,87.5261,bid,1757015288416
1757015288.728755,4270.1,1.3,ask,1757015288416
1757015288.8194954,4270.0,514.6053,bid,1757015288477
1757015288.8194954,4270.1,1.3,ask,1757015288477
1757015288.928722,4270.0,572.8428,bid,1757015288632
1757015288.928722,4270.1,1.3,ask,1757015288632
1757015288.9985273,4270.0,587.7054,bid,1757015288684
1757015288.9985273,4270.1,1.3,ask,1757015288684
1757015289.156636,4270.0,829.1975,bid,1757015288783
1757015289.156636,4270.1,1.3,ask,1757015288783
1757015289.2771308,4270.0,593.6176,bid,1757015288856
1757015289.2771308,4270.1,1.3,ask,1757015288856
1757015289.3450613,4270.0,293.0852,bid,1757015288976
1757015289.3450613,4270.1,1.5899,ask,1757015288976
1757015289.5025642,4270.0,195.7443,bid,1757015289075
1757015289.5025642,4270.1,7.444,ask,1757015289075
1757015289.6534777,4270.0,263.1363,bid,1757015289270
1757015289.6534777,4270.1,3.9689,ask,1757015289270
1757015289.7411454,4270.0,263.1363,bid,1757015289391
1757015289.7411454,4270.1,3.1871,ask,1757015289391
1757015289.7411454,4270.0,266.8998,bid,1757015289439
1757015289.7411454,4270.1,2.8972,ask,1757015289439
1757015289.9299626,4270.0,415.8088,bid,1757015289574
1757015289.9299626,4270.1,2.8972,ask,1757015289574
1757015290.0529747,4270.0,455.171,bid,1757015289675
1757015290.0529747,4270.1,2.8972,ask,1757015289675
1757015290.145513,4270.0,455.7239,bid,1757015289775
1757015290.145513,4270.1,2.8972,ask,1757015289775
1757015290.2272055,4270.0,557.1039,bid,1757015289876
1757015290.2272055,4270.1,3.1392,ask,1757015289876
1757015290.3200865,4270.0,560.2077,bid,1757015289976
1757015290.3200865,4270.1,3.1392,ask,1757015289976
1757015290.4874792,4270.0,566.0229,bid,1757015290074
1757015290.4874792,4270.1,3.1392,ask,1757015290074
1757015290.860213,4270.0,577.9721,bid,1757015290185
1757015290.860213,4270.1,2.8972,ask,1757015290185
1757015291.2323878,4270.0,850.4459,bid,1757015290286
1757015291.2323878,4270.1,2.8972,ask,1757015290286
1757015291.2323878,4270.0,861.3661,bid,1757015290451
1757015291.2323878,4270.1,1.3,ask,1757015290451
1757015291.5009959,4270.0,1199.1043,bid,1757015290581
1757015291.5009959,4270.1,1.3,ask,1757015290581
1757015291.5238104,4270.9,21.1702,bid,1757015290805
1757015291.5238104,4271.0,0.0046,ask,1757015290805
1757015291.5323892,4270.9,65.1386,bid,1757015290905
1757015291.5323892,4271.1,0.5001,ask,1757015290905
1757015291.6475315,4271.0,14.214,bid,1757015290983
1757015291.6475315,4271.2,0.0368,ask,1757015290983
1757015291.6774566,4271.1,3.0742,bid,1757015291071
1757015291.6774566,4271.5,5.266,ask,1757015291071
1757015291.6922338,4271.4,1.3733,bid,1757015291209
1757015291.6922338,4271.5,4.511,ask,1757015291209
1757015291.832132,4271.4,1.3733,bid,1757015291286
1757015291.832132,4271.5,3.346,ask,1757015291286
1757015291.9865067,4271.4,28.3429,bid,1757015291339
1757015291.9865067,4271.5,14.7952,ask,1757015291339
1757015291.9865067,4271.4,71.5511,bid,1757015291501
1757015291.9865067,4271.5,11.4492,ask,1757015291501
1757015292.0752282,4271.4,166.8047,bid,1757015291661
1757015292.0752282,4271.5,29.1331,ask,1757015291661
1757015292.122617,4271.4,173.8428,bid,1757015291736
1757015292.122617,4271.5,32.5175,ask,1757015291736
1757015292.2812214,4271.4,355.0691,bid,1757015291821
1757015292.2812214,4271.5,15.9978,ask,1757015291821
1757015292.4916637,4271.4,346.8331,bid,1757015292009
1757015292.4916637,4271.5,27.7032,ask,1757015292009
1757015292.506573,4271.4,338.7204,bid,1757015292122
1757015292.506573,4271.5,27.7032,ask,1757015292122
1757015292.5414226,4271.4,328.7525,bid,1757015292200
1757015292.5414226,4271.5,26.9214,ask,1757015292200
1757015292.6211224,4271.4,329.7038,bid,1757015292299
1757015292.6211224,4271.5,32.8754,ask,1757015292299
1757015292.744014,4271.4,326.4813,bid,1757015292419
1757015292.744014,4271.5,32.8754,ask,1757015292419
1757015292.9502227,4271.4,179.7155,bid,1757015292605
1757015292.9502227,4271.5,41.0381,ask,1757015292605
1757015292.988516,4271.4,262.4641,bid,1757015292703
1757015292.988516,4271.5,41.0381,ask,1757015292703
1757015293.1295626,4271.4,261.6596,bid,1757015292752
1757015293.1295626,4271.5,41.0381,ask,1757015292752
1757015293.2830195,4271.4,383.8835,bid,1757015292965
1757015293.2830195,4271.5,19.9691,ask,1757015292965
1757015293.5365171,4271.4,384.688,bid,1757015293166
1757015293.5365171,4271.5,19.9691,ask,1757015293166
1757015293.6836905,4271.4,286.3715,bid,1757015293371
1757015293.6836905,4271.5,19.9691,ask,1757015293371
1757015293.7304387,4271.4,124.0846,bid,1757015293431
1757015293.7304387,4271.5,17.8921,ask,1757015293431
1757015294.0155241,4271.4,3.3362,bid,1757015293637
1757015294.0155241,4271.5,172.1413,ask,1757015293637
1757015294.0780268,4271.2,0.9138,bid,1757015293721
1757015294.0780268,4271.5,182.2119,ask,1757015293721
1757015294.2074633,4271.2,0.9138,bid,1757015293799
1757015294.2074633,4271.3,310.3475,ask,1757015293799
1757015294.3959105,4271.2,0.9138,bid,1757015293931
1757015294.3959105,4271.3,332.879,ask,1757015293931
1757015294.4423108,4271.2,0.8349,bid,1757015294022
1757015294.4423108,4271.3,653.372,ask,1757015294022
1757015294.6100214,4271.2,2.3358,bid,1757015294246
1757015294.6100214,4271.3,817.4616,ask,1757015294246
1757015294.6966238,4271.2,2.3358,bid,1757015294431
1757015294.6966238,4271.3,361.2097,ask,1757015294431
1757015294.907388,4271.0,0.004,bid,1757015294551
1757015294.907388,4271.3,402.7148,ask,1757015294551
1757015294.9481142,4271.0,0.004,bid,1757015294650
1757015294.9481142,4271.1,162.6106,ask,1757015294650
1757015294.988838,4271.0,0.004,bid,1757015294720
1757015294.988838,4271.1,374.0838,ask,1757015294720
1757015295.1033337,4271.0,0.004,bid,1757015294795
1757015295.1033337,4271.1,515.8834,ask,1757015294795
1757015295.1858249,4271.0,0.004,bid,1757015294937
1757015295.1858249,4271.1,624.0124,ask,1757015294937
1757015295.2770767,4271.0,0.004,bid,1757015294994
1757015295.2770767,4271.1,525.7179,ask,1757015294994
1757015295.467459,4271.0,0.004,bid,1757015295163
1757015295.467459,4271.1,436.7238,ask,1757015295163
1757015295.903092,4271.0,0.004,bid,1757015295256
1757015295.903092,4271.1,456.4626,ask,1757015295256
1757015296.2580476,4270.1,77.2693,bid,1757015295397
1757015296.2580476,4270.9,2.334,ask,1757015295397
1757015296.258557,4270.0,69.1788,bid,1757015295538
1757015296.258557,4270.1,34.2271,ask,1757015295538
1757015296.383401,4270.0,103.748,bid,1757015295660
1757015296.383401,4270.1,44.4955,ask,1757015295660
1757015296.3994396,4270.0,124.8851,bid,1757015295815
1757015296.3994396,4270.1,49.3667,ask,1757015295815
1757015296.4609315,4270.0,124.8851,bid,1757015295951
1757015296.4609315,4270.1,74.3667,ask,1757015295951
1757015296.51312,4270.0,6.5147,bid,1757015296059
1757015296.51312,4270.1,93.6095,ask,1757015296059
1757015296.6166852,4270.0,9.6939,bid,1757015296138
1757015296.6166852,4270.1,154.2545,ask,1757015296138
1757015296.645273,4270.0,3.8399,bid,1757015296270
1757015296.645273,4270.1,192.2608,ask,1757015296270
1757015296.7813993,4270.0,3.8399,bid,1757015296425
1757015296.7813993,4270.1,190.7768,ask,1757015296425
1757015296.9289382,4270.0,3.7299,bid,1757015296426
1757015296.9289382,4270.1,211.216,ask,1757015296426
1757015297.1516092,4270.0,2.5611,bid,1757015296647
1757015297.1516092,4270.1,266.202,ask,1757015296647
1757015297.2915435,4270.0,0.0711,bid,1757015296757
1757015297.2915435,4270.1,296.7058,ask,1757015296757
1757015297.309255,4270.0,0.0711,bid,1757015296863
1757015297.309255,4270.1,299.1058,ask,1757015296863
1757015297.6633887,4270.0,0.0711,bid,1757015297164
1757015297.6633887,4270.1,299.2208,ask,1757015297164
1757015297.6642945,4270.0,0.0711,bid,1757015297235
1757015297.6642945,4270.1,232.5643,ask,1757015297235
1757015297.7330735,4270.0,0.0711,bid,1757015297452
1757015297.7330735,4270.1,232.6743,ask,1757015297452
1757015298.0068192,4270.0,0.0711,bid,1757015297640
1757015298.0068192,4270.1,227.9885,ask,1757015297640
1757015298.125164,4270.0,0.0711,bid,1757015297777
1757015298.125164,4270.1,228.7703,ask,1757015297777
1757015298.277081,4270.0,0.0711,bid,1757015297864
1757015298.277081,4270.1,285.838,ask,1757015297864
1757015298.2994945,4270.0,0.0711,bid,1757015297935
1757015298.2994945,4270.1,295.2358,ask,1757015297935
1757015298.4447267,4270.0,0.0711,bid,1757015298081
1757015298.4447267,4270.1,578.0917,ask,1757015298081
1757015298.5457282,4270.0,0.0711,bid,1757015298183
1757015298.5457282,4270.1,598.2488,ask,1757015298183
1757015298.6743631,4270.0,0.0711,bid,1757015298239
1757015298.6743631,4270.1,524.73,ask,1757015298239
1757015298.7678108,4270.0,0.0711,bid,1757015298373
1757015298.7678108,4270.1,602.0024,ask,1757015298373
1757015298.8692608,4270.0,0.0711,bid,1757015298569
1757015298.8692608,4270.1,739.0862,ask,1757015298569
1757015298.979353,4270.0,0.0711,bid,1757015298688
1757015298.979353,4270.1,887.6188,ask,1757015298688
1757015299.0622602,4270.0,0.0711,bid,1757015298746
1757015299.0622602,4270.1,889.8092,ask,1757015298746
1757015299.1902628,4270.0,0.0711,bid,1757015298820
1757015299.1902628,4270.1,895.9908,ask,1757015298820
1757015299.2411873,4269.8,0.0687,bid,1757015298893
1757015299.2411873,4270.1,994.3373,ask,1757015298893
1757015299.4247015,4269.3,0.4309,bid,1757015298987
1757015299.4247015,4269.9,550.1591,ask,1757015298987
1757015299.4247015,4269.3,0.4309,bid,1757015299060
1757015299.4247015,4269.4,79.6951,ask,1757015299060
1757015299.4629695,4269.3,0.4309,bid,1757015299129
1757015299.4629695,4269.4,97.4305,ask,1757015299129
1757015299.578363,4269.3,0.4309,bid,1757015299268
1757015299.578363,4269.4,114.3448,ask,1757015299268
1757015299.643552,4269.3,0.4309,bid,1757015299369
1757015299.643552,4269.4,154.5167,ask,1757015299369
1757015299.8742573,4269.3,0.4309,bid,1757015299423
1757015299.8742573,4269.4,294.2212,ask,1757015299423
1757015299.9492154,4269.3,58.9808,bid,1757015299499
1757015299.9492154,4269.4,275.3525,ask,1757015299499
1757015299.9492154,4269.3,59.7853,bid,1757015299601
1757015299.9492154,4269.4,243.5565,ask,1757015299601
1757015300.096854,4269.3,7.0901,bid,1757015299709
1757015300.096854,4269.4,259.7874,ask,1757015299709
1757015300.1126318,4269.3,7.0901,bid,1757015299800
1757015300.1126318,4269.4,232.8374,ask,1757015299800
1757015300.1689522,4269.3,1.2354,bid,1757015299850
1757015300.1689522,4269.4,470.7995,ask,1757015299850
1757015300.27648,4269.3,1.2354,bid,1757015299909
1757015300.27648,4269.4,479.0197,ask,1757015299909
1757015300.487023,4269.3,1.2354,bid,1757015300008
1757015300.487023,4269.4,464.4827,ask,1757015300008
1757015300.5375993,4269.3,0.4309,bid,1757015300087
1757015300.5375993,4269.4,494.1062,ask,1757015300087
1757015300.573975,4269.3,0.4309,bid,1757015300160
1757015300.573975,4269.4,299.0461,ask,1757015300160
1757015301.17708,4269.3,0.4309,bid,1757015300383
1757015301.17708,4269.4,299.2055,ask,1757015300383
1757015301.17708,4269.3,0.4309,bid,1757015300519
1757015301.17708,4269.4,235.7524,ask,1757015300519
1757015301.17708,4269.3,0.4309,bid,1757015300712
1757015301.17708,4269.4,250.0842,ask,1757015300712
1757015301.268055,4269.3,0.4309,bid,1757015300813
1757015301.268055,4269.4,241.2322,ask,1757015300813
1757015301.7150474,4269.3,2.7732,bid,1757015301020
1757015301.7150474,4269.4,241.2322,ask,1757015301020
1757015301.8208668,4269.3,0.4309,bid,1757015301220
1757015301.8208668,4269.4,241.2322,ask,1757015301220
1757015301.8208668,4269.3,0.4309,bid,1757015301274
1757015301.8208668,4269.4,238.9935,ask,1757015301274
1757015301.8793998,4269.3,0.4309,bid,1757015301420
1757015301.8793998,4269.4,238.8835,ask,1757015301420
1757015301.9284053,4269.3,0.4309,bid,1757015301521
1757015301.9284053,4269.4,233.7107,ask,1757015301521
1757015301.9798074,4269.3,0.4309,bid,1757015301596
1757015301.9798074,4269.4,209.632,ask,1757015301596
1757015301.9798074,4269.3,2.4355,bid,1757015301655
1757015301.9798074,4269.4,193.7317,ask,1757015301655
1757015302.0356228,4269.3,4.7778,bid,1757015301713
1757015302.0356228,4269.4,192.9074,ask,1757015301713
1757015302.0966895,4269.3,3.9742,bid,1757015301831
1757015302.0966895,4269.4,191.8357,ask,1757015301831
1757015302.1712067,4269.3,6.3165,bid,1757015301884
1757015302.1712067,4269.4,182.4673,ask,1757015301884
1757015302.3111486,4269.3,6.3165,bid,1757015301961
1757015302.3111486,4269.4,182.536,ask,1757015301961
1757015302.5650022,4269.3,3.9686,bid,1757015302105
1757015302.5650022,4269.4,182.778,ask,1757015302105
1757015302.6440618,4269.3,3.9686,bid,1757015302226
1757015302.6440618,4269.4,192.1431,ask,1757015302226
1757015302.8387227,4269.3,9.8234,bid,1757015302526
1757015302.8387227,4269.4,182.4715,ask,1757015302526
1757015302.9039047,4269.3,16.127,bid,1757015302648
1757015302.9039047,4269.4,174.2075,ask,1757015302648
1757015303.028592,4269.3,16.127,bid,1757015302695
1757015303.028592,4269.4,173.0517,ask,1757015302695
1757015303.0415971,4269.3,10.2722,bid,1757015302750
1757015303.0415971,4269.4,164.901,ask,1757015302750
1757015303.2835126,4269.3,10.2722,bid,1757015302948
1757015303.2835126,4269.4,177.7634,ask,1757015302948
1757015303.5529768,4269.3,10.2722,bid,1757015303132
1757015303.5529768,4269.4,177.7571,ask,1757015303132
1757015303.5529768,4269.3,10.2722,bid,1757015303245
1757015303.5529768,4269.4,190.6355,ask,1757015303245
1757015303.6740034,4269.3,10.2722,bid,1757015303332
1757015303.6740034,4269.4,190.6337,ask,1757015303332
1757015303.8032694,4269.3,10.2722,bid,1757015303535
1757015303.8032694,4269.4,187.8728,ask,1757015303535
1757015303.8467972,4269.3,10.2722,bid,1757015303587
1757015303.8467972,4269.4,182.0927,ask,1757015303587
1757015304.0829284,4269.3,16.127,bid,1757015303788
1757015304.0829284,4269.4,164.5297,ask,1757015303788
1757015304.4555619,4269.3,100.5754,bid,1757015304151
1757015304.4555619,4269.4,160.9703,ask,1757015304151
1757015304.7911286,4269.3,10.2722,bid,1757015304349
1757015304.7911286,4269.4,181.1217,ask,1757015304349
1757015304.860891,4269.3,9.4686,bid,1757015304470
1757015304.860891,4269.4,196.023,ask,1757015304470
1757015304.8613968,4269.3,12.9812,bid,1757015304547
1757015304.8613968,4269.4,196.023,ask,1757015304547
1757015304.9439988,4269.3,1.6263,bid,1757015304750
1757015304.9439988,4269.4,199.605,ask,1757015304750
1757015305.3476353,4269.3,4.7722,bid,1757015305001
1757015305.3476353,4269.4,198.7782,ask,1757015305001
1757015305.4881039,4269.3,2.4299,bid,1757015305151
1757015305.4881039,4269.4,198.7782,ask,1757015305151
1757015306.0417273,4269.3,1.6263,bid,1757015305352
1757015306.0417273,4269.4,198.7782,ask,1757015305352
1757015306.324699,4269.0,12.0488,bid,1757015305518
1757015306.324699,4269.1,72.8332,ask,1757015305518
1757015306.3334086,4269.0,12.0488,bid,1757015305674
1757015306.3334086,4269.1,113.0007,ask,1757015305674
1757015306.3334086,4269.0,12.0488,bid,1757015305767
1757015306.3334086,4269.1,127.0545,ask,1757015305767
1757015306.3334086,4269.0,112.1582,bid,1757015305876
1757015306.3334086,4269.1,122.9097,ask,1757015305876
1757015306.3937013,4269.0,267.1357,bid,1757015305979
1757015306.3937013,4269.1,116.6215,ask,1757015305979
1757015306.5592015,4269.0,367.4401,bid,1757015306150
1757015306.5592015,4269.1,102.7991,ask,1757015306150
1757015306.6015935,4269.0,375.6013,bid,1757015306230
1757015306.6015935,4269.1,102.9666,ask,1757015306230
1757015306.68993,4269.0,369.7463,bid,1757015306337
1757015306.68993,4269.1,95.1928,ask,1757015306337
1757015306.7046595,4269.0,369.7463,bid,1757015306382
1757015306.7046595,4269.1,86.2762,ask,1757015306382
1757015306.7142282,4269.0,369.7463,bid,1757015306430
1757015306.7142282,4269.1,82.3596,ask,1757015306430
1757015306.9285853,4269.0,360.8891,bid,1757015306562
1757015306.9285853,4269.1,72.1921,ask,1757015306562
1757015306.959869,4269.0,360.8891,bid,1757015306687
1757015306.959869,4269.1,71.8571,ask,1757015306687
1757015307.017285,4269.0,262.5198,bid,1757015306739
1757015307.017285,4269.1,89.9555,ask,1757015306739
1757015307.0641403,4269.0,325.298,bid,1757015306819
1757015307.0641403,4269.1,74.7145,ask,1757015306819
1757015307.2697964,4269.0,990.9083,bid,1757015306944
1757015307.2697964,4269.1,39.3504,ask,1757015306944
1757015307.4286754,4269.0,1004.5505,bid,1757015307014
1757015307.4286754,4269.1,19.3504,ask,1757015307014
1757015307.590919,4269.0,1044.7798,bid,1757015307291
1757015307.590919,4269.1,10.1478,ask,1757015307291
1757015307.7338312,4269.0,1056.4923,bid,1757015307371
1757015307.7338312,4269.1,10.1478,ask,1757015307371
1757015307.8302116,4269.0,1065.6592,bid,1757015307493
1757015307.8302116,4269.1,10.1478,ask,1757015307493
1757015307.9440415,4269.0,865.0654,bid,1757015307593
1757015307.9440415,4270.1,1.7843,ask,1757015307593
1757015308.0606945,4270.0,56.888,bid,1757015307693
1757015308.0606945,4270.1,1.7843,ask,1757015307693
1757015308.0612075,4270.0,66.2606,bid,1757015307775
1757015308.0612075,4270.1,1.7843,ask,1757015307775
1757015308.1980774,4270.0,200.8447,bid,1757015307837
1757015308.1980774,4270.1,1.7843,ask,1757015307837
1757015308.2557776,4270.0,603.1208,bid,1757015307995
1757015308.2557776,4270.1,1.7843,ask,1757015307995
1757015308.5161808,4270.0,595.9702,bid,1757015308047
1757015308.5161808,4270.1,1.7785,ask,1757015308047
1757015308.584202,4270.0,572.4808,bid,1757015308252
1757015308.584202,4270.1,3.6341,ask,1757015308252
1757015308.9060955,4270.0,581.2108,bid,1757015308566
1757015308.9060955,4270.1,3.6341,ask,1757015308566
1757015309.0249963,4270.0,598.4728,bid,1757015308664
1757015309.0249963,4270.1,3.6341,ask,1757015308664
1757015309.131952,4270.7,20.2006,bid,1757015308806
1757015309.131952,4270.8,0.1171,ask,1757015308806
1757015309.2403834,4270.7,33.6337,bid,1757015308953
1757015309.2403834,4270.8,0.1171,ask,1757015308953
1757015309.3843157,4270.7,36.6811,bid,1757015309012
1757015309.3843157,4270.8,0.1171,ask,1757015309012
1757015309.5608668,4270.7,323.5518,bid,1757015309164
1757015309.5608668,4270.8,0.1171,ask,1757015309164
1757015309.5705936,4270.7,416.9953,bid,1757015309216
1757015309.5705936,4270.9,6.0527,ask,1757015309216
1757015309.7458851,4270.8,76.1467,bid,1757015309393
1757015309.7458851,4270.9,0.2,ask,1757015309393
1757015309.7897646,4270.8,286.5636,bid,1757015309451
1757015309.7897646,4270.9,0.2,ask,1757015309451
1757015309.8588004,4270.8,445.9149,bid,1757015309503
1757015309.8588004,4270.9,0.7439,ask,1757015309503
1757015309.9990304,4270.8,510.1938,bid,1757015309603
1757015309.9990304,4270.9,12.7782,ask,1757015309603
1757015310.0800195,4270.8,194.4364,bid,1757015309727
1757015310.0800195,4270.9,43.2283,ask,1757015309727
1757015310.2164016,4270.8,71.8109,bid,1757015309783
1757015310.2164016,4270.9,77.1282,ask,1757015309783
1757015310.2573173,4270.8,49.5538,bid,1757015309906
1757015310.2573173,4270.9,86.4143,ask,1757015309906
1757015310.3339572,4270.8,29.6977,bid,1757015309986
1757015310.3339572,4270.9,114.8492,ask,1757015309986
1757015310.4220986,4270.8,22.7829,bid,1757015310107
1757015310.4220986,4270.9,119.5321,ask,1757015310107
1757015310.4617734,4270.8,9.9683,bid,1757015310178
1757015310.4617734,4270.9,126.7195,ask,1757015310178
1757015310.5704138,4270.8,9.8867,bid,1757015310240
1757015310.5704138,4270.9,126.7195,ask,1757015310240
1757015311.1186035,4270.8,9.8051,bid,1757015310386
1757015311.1186035,4270.9,138.4252,ask,1757015310386
1757015311.409885,4270.8,9.8051,bid,1757015310519
1757015311.409885,4270.9,133.7423,ask,1757015310519
1757015311.409885,4270.8,7.4637,bid,1757015310720
1757015311.409885,4270.9,130.5534,ask,1757015310720
1757015311.4242206,4270.8,7.4637,bid,1757015310976
1757015311.4242206,4270.9,135.2363,ask,1757015310976
1757015311.4242206,4270.8,7.4637,bid,1757015311034
1757015311.4242206,4270.9,198.2432,ask,1757015311034
1757015311.7435107,4270.8,7.4637,bid,1757015311293
1757015311.7435107,4270.9,182.9432,ask,1757015311293
1757015311.8514454,4270.8,9.8051,bid,1757015311525
1757015311.8514454,4270.9,134.7091,ask,1757015311525
1757015311.9264548,4270.8,9.8051,bid,1757015311611
1757015311.9264548,4270.9,143.1561,ask,1757015311611
1757015311.9845743,4270.8,7.4637,bid,1757015311669
1757015311.9845743,4270.9,195.831,ask,1757015311669
1757015312.0491946,4270.8,7.4637,bid,1757015311728
1757015312.0491946,4270.9,201.331,ask,1757015311728
1757015312.3445203,4270.8,7.4637,bid,1757015311929
1757015312.3445203,4270.9,211.131,ask,1757015311929
1757015312.6343052,4270.8,7.4637,bid,1757015312307
1757015312.6343052,4270.9,225.1701,ask,1757015312307
1757015313.0536044,4270.8,7.4637,bid,1757015312658
1757015313.0536044,4270.9,229.6629,ask,1757015312658
1757015313.367745,4270.0,157.0655,bid,1757015312853
1757015313.367745,4270.1,134.0654,ask,1757015312853
1757015313.368802,4270.0,157.0655,bid,1757015312933
1757015313.368802,4270.1,219.2871,ask,1757015312933
1757015313.420685,4270.0,157.0655,bid,1757015313007
1757015313.420685,4270.1,263.9926,ask,1757015313007
1757015313.420685,4270.0,157.0655,bid,1757015313064
1757015313.420685,4270.1,254.7895,ask,1757015313064
1757015313.4635336,4270.0,157.0655,bid,1757015313135
1757015313.4635336,4270.1,261.6208,ask,1757015313135
1757015313.6427584,4270.0,333.8513,bid,1757015313267
1757015313.6427584,4270.1,237.5612,ask,1757015313267
1757015313.856868,4270.0,333.8513,bid,1757015313467
1757015313.856868,4270.1,198.161,ask,1757015313467
1757015313.9307096,4270.0,333.9013,bid,1757015313537
1757015313.9307096,4270.1,165.4074,ask,1757015313537
1757015314.0063827,4270.0,462.9518,bid,1757015313636
1757015314.0063827,4270.1,134.0654,ask,1757015313636
1757015314.0697243,4270.0,484.1403,bid,1757015313864
1757015314.0697243,4270.1,134.0654,ask,1757015313864
1757015314.248378,4270.0,484.1403,bid,1757015313927
1757015314.248378,4270.1,134.3064,ask,1757015313927
1757015314.3505816,4270.0,484.1403,bid,1757015314016
1757015314.3505816,4270.1,134.0704,ask,1757015314016
1757015314.4551816,4270.0,484.1403,bid,1757015314084
1757015314.4551816,4270.1,133.8386,ask,1757015314084
1757015314.4703083,4270.0,484.2574,bid,1757015314141
1757015314.4703083,4270.1,133.8386,ask,1757015314141
1757015314.5174837,4270.0,485.4262,bid,1757015314256
1757015314.5174837,4270.1,137.4181,ask,1757015314256
1757015314.7053537,4270.0,485.4262,bid,1757015314439
1757015314.7053537,4270.1,137.4104,ask,1757015314439
1757015314.8669817,4270.0,506.696,bid,1757015314575
1757015314.8669817,4270.1,137.4104,ask,1757015314575
1757015314.974294,4270.0,526.598,bid,1757015314707
1757015314.974294,4270.1,137.1694,ask,1757015314707
1757015315.0157816,4270.0,533.8039,bid,1757015314774
1757015315.0157816,4270.1,97.5038,ask,1757015314774
1757015315.314757,4270.0,744.617,bid,1757015314945
1757015315.314757,4270.1,97.5038,ask,1757015314945
1757015315.4823258,4270.0,392.8472,bid,1757015315063
1757015315.4823258,4270.1,56.8707,ask,1757015315063
1757015315.5014138,4270.0,411.1584,bid,1757015315180
1757015315.5014138,4270.1,15.103,ask,1757015315180
1757015316.4386318,4270.0,407.6456,bid,1757015315482
1757015316.4386318,4270.1,15.103,ask,1757015315482
1757015316.6827972,4270.0,429.1785,bid,1757015315750
1757015316.6827972,4270.1,15.0982,ask,1757015315750
1757015316.6837988,4270.0,436.8576,bid,1757015315844
1757015316.6837988,4270.1,14.8305,ask,1757015315844
1757015316.6916614,4270.0,440.3704,bid,1757015316088
1757015316.6916614,4270.1,14.1137,ask,1757015316088
1757015316.6921895,4270.0,417.5376,bid,1757015316207
1757015316.6921895,4270.1,13.6615,ask,1757015316207
1757015316.8643749,4270.0,397.1694,bid,1757015316358
1757015316.8643749,4270.1,13.6615,ask,1757015316358
1757015316.9222465,4270.0,391.3006,bid,1757015316434
1757015316.9222465,4270.1,13.6615,ask,1757015316434
1757015316.9413984,4270.0,327.9207,bid,1757015316578
1757015316.9413984,4270.1,13.6615,ask,1757015316578
1757015317.2580492,4270.0,526.5945,bid,1757015316779
1757015317.2580492,4270.1,13.6615,ask,1757015316779
1757015317.4394886,4270.0,524.1945,bid,1757015316831
1757015317.4394886,4270.1,13.6615,ask,1757015316831
1757015317.4394886,4270.0,530.1459,bid,1757015316982
1757015317.4394886,4270.1,13.6615,ask,1757015316982
1757015317.4520068,4270.0,535.9908,bid,1757015317098
1757015317.4520068,4270.1,13.6538,ask,1757015317098
1757015317.4975545,4270.0,378.1226,bid,1757015317221
1757015317.4975545,4270.1,13.6426,ask,1757015317221
1757015317.5612836,4270.0,371.3573,bid,1757015317282
1757015317.5612836,4270.1,13.8836,ask,1757015317282
1757015317.6932209,4270.0,262.4719,bid,1757015317334
1757015317.6932209,4270.1,13.8836,ask,1757015317334
1757015317.6932209,4270.0,261.8749,bid,1757015317383
1757015317.6932209,4270.1,13.8836,ask,1757015317383
1757015317.7090933,4270.0,141.5482,bid,1757015317449
1757015317.7090933,4270.1,13.8836,ask,1757015317449
1757015317.8135772,4270.0,284.6984,bid,1757015317516
1757015317.8135772,4270.1,14.7352,ask,1757015317516
1757015317.9312599,4270.0,290.1984,bid,1757015317655
1757015317.9312599,4270.1,13.6426,ask,1757015317655
1757015318.0879672,4270.0,285.502,bid,1757015317786
1757015318.0879672,4270.1,13.6426,ask,1757015317786
1757015318.244303,4270.0,280.112,bid,1757015317850
1757015318.244303,4270.1,13.6426,ask,1757015317850
1757015318.2616916,4270.0,129.1479,bid,1757015317924
1757015318.2616916,4270.1,13.6426,ask,1757015317924
1757015318.3672895,4270.0,262.8274,bid,1757015318051
1757015318.3672895,4270.1,13.6391,ask,1757015318051
1757015318.406922,4270.0,399.9467,bid,1757015318132
1757015318.406922,4270.1,25.3473,ask,1757015318132
1757015318.5201316,4270.0,409.3143,bid,1757015318188
1757015318.5201316,4270.1,13.6391,ask,1757015318188
1757015318.5849595,4270.0,409.1272,bid,1757015318281
1757015318.5849595,4270.1,13.6163,ask,1757015318281
1757015318.756237,4270.0,403.1959,bid,1757015318389
1757015318.756237,4270.1,13.6283,ask,1757015318389
1757015318.8375227,4270.0,400.9459,bid,1757015318518
1757015318.8375227,4270.1,25.3365,ask,1757015318518
1757015319.0239086,4270.0,301.1548,bid,1757015318729
1757015319.0239086,4270.1,25.3365,ask,1757015318729
1757015319.1365602,4270.0,295.4999,bid,1757015318872
1757015319.1365602,4270.1,25.3365,ask,1757015318872
1757015319.2437925,4270.0,440.9923,bid,1757015318940
1757015319.2437925,4270.1,25.3365,ask,1757015318940
1757015319.3415563,4270.0,483.4519,bid,1757015318994
1757015319.3415563,4270.1,13.3724,ask,1757015318994
1757015319.3945937,4270.0,485.3122,bid,1757015319077
1757015319.3945937,4270.1,13.3724,ask,1757015319077
1757015319.4670439,4270.0,569.7468,bid,1757015319136
1757015319.4670439,4270.1,13.3724,ask,1757015319136
1757015319.6958933,4270.0,569.2581,bid,1757015319395
1757015319.6958933,4270.1,13.3724,ask,1757015319395
1757015319.823222,4270.0,573.3075,bid,1757015319500
1757015319.823222,4270.1,13.3724,ask,1757015319500
1757015319.9016647,4270.0,577.8408,bid,1757015319552
1757015319.9016647,4270.1,13.3724,ask,1757015319552
1757015319.9299664,4270.0,577.3758,bid,1757015319627
1757015319.9299664,4270.1,13.3724,ask,1757015319627
1757015319.9863374,4270.0,820.2471,bid,1757015319705
1757015319.9863374,4270.1,13.3724,ask,1757015319705
1757015320.0253978,4270.0,820.7122,bid,1757015319797
1757015320.0253978,4270.1,13.1383,ask,1757015319797
1757015320.1360757,4270.0,844.722,bid,1757015319850
1757015320.1360757,4270.1,13.1383,ask,1757015319850
1757015320.2034097,4270.0,868.3617,bid,1757015319902
1757015320.2034097,4270.1,13.1383,ask,1757015319902
1757015320.2490492,4270.0,875.8998,bid,1757015319998
1757015320.2490492,4270.8,0.242,ask,1757015319998
1757015320.477187,4270.7,19.0313,bid,1757015320059
1757015320.477187,4270.8,0.242,ask,1757015320059
1757015320.5382936,4271.2,8.9611,bid,1757015320181
1757015320.5382936,4271.3,0.1178,ask,1757015320181
1757015320.6238372,4271.2,31.0396,bid,1757015320327
1757015320.6238372,4271.3,0.1178,ask,1757015320327
1757015320.6907568,4271.3,12.476,bid,1757015320401
1757015320.6907568,4271.4,9.3684,ask,1757015320401
1757015320.7770188,4271.3,33.136,bid,1757015320482
1757015320.7770188,4271.4,9.3684,ask,1757015320482
1757015321.3145783,4271.3,96.2953,bid,1757015320553
1757015321.3145783,4271.4,3.5163,ask,1757015320553
1757015321.6252258,4271.3,175.8327,bid,1757015320708
1757015321.6252258,4271.4,14.9478,ask,1757015320708
1757015321.6262255,4271.3,315.755,bid,1757015320854
1757015321.6262255,4271.4,20.8,ask,1757015320854
1757015321.6393902,4271.3,435.4022,bid,1757015320964
1757015321.6393902,4271.4,20.8,ask,1757015320964
1757015321.6393902,4271.3,422.8959,bid,1757015321066
1757015321.6393902,4271.4,20.8,ask,1757015321066
1757015321.6393902,4271.3,423.7398,bid,1757015321267
1757015321.6393902,4271.4,20.7954,ask,1757015321267
1757015321.853406,4271.3,422.819,bid,1757015321369
1757015321.853406,4271.4,20.7954,ask,1757015321369
1757015321.853406,4271.3,346.3391,bid,1757015321470
1757015321.853406,4271.4,9.3639,ask,1757015321470
1757015321.853406,4271.3,348.6803,bid,1757015321572
1757015321.853406,4271.4,9.3639,ask,1757015321572
1757015321.9398122,4271.3,308.8396,bid,1757015321623
1757015321.9398122,4271.4,9.3639,ask,1757015321623
1757015321.9944623,4271.3,307.3613,bid,1757015321678
1757015321.9944623,4271.4,9.3639,ask,1757015321678
1757015322.3088033,4271.3,268.9809,bid,1757015321817
1757015322.3088033,4271.4,9.3639,ask,1757015321817
1757015322.3411102,4271.3,251.4219,bid,1757015321881
1757015322.3411102,4271.4,21.0686,ask,1757015321881
1757015322.4988952,4271.3,251.4622,bid,1757015322182
1757015322.4988952,4271.4,28.4048,ask,1757015322182
1757015322.650132,4271.3,246.062,bid,1757015322281
1757015322.650132,4271.4,28.6468,ask,1757015322281
1757015322.792153,4271.3,344.4198,bid,1757015322503
1757015322.792153,4271.4,16.9421,ask,1757015322503
1757015322.9827507,4271.3,344.4198,bid,1757015322630
1757015322.9827507,4271.4,7.3362,ask,1757015322630
1757015323.067825,4271.3,354.1392,bid,1757015322701
1757015323.067825,4271.4,7.3362,ask,1757015322701
1757015323.2009764,4271.3,406.8064,bid,1757015322791
1757015323.2009764,4271.4,7.3362,ask,1757015322791
1757015323.2798622,4271.3,406.7258,bid,1757015322856
1757015323.2798622,4271.4,7.3362,ask,1757015322856
1757015323.4631147,4271.3,406.7258,bid,1757015323041
1757015323.4631147,4271.4,7.5782,ask,1757015323041
1757015323.5491602,4271.3,175.6051,bid,1757015323149
1757015323.5491602,4271.4,13.4305,ask,1757015323149
1757015323.5786839,4271.3,164.2531,bid,1757015323271
1757015323.5786839,4271.4,13.4305,ask,1757015323271
1757015323.6731958,4271.3,163.4495,bid,1757015323400
1757015323.6731958,4271.4,46.9935,ask,1757015323400
1757015323.8109841,4271.3,12.7732,bid,1757015323447
1757015323.8109841,4271.4,86.3643,ask,1757015323447
1757015323.8481812,4271.3,9.2529,bid,1757015323496
1757015323.8481812,4271.4,91.3384,ask,1757015323496
1757015323.9057317,4271.3,3.0581,bid,1757015323590
1757015323.9057317,4271.4,139.5815,ask,1757015323590
1757015324.131553,4271.3,3.0581,bid,1757015323756
1757015324.131553,4271.4,144.0179,ask,1757015323756
1757015324.239334,4270.7,79.2296,bid,1757015323853
1757015324.239334,4271.4,158.1731,ask,1757015323853
1757015324.3814244,4270.7,77.2593,bid,1757015323961
1757015324.3814244,4270.8,172.6707,ask,1757015323961
1757015324.555193,4270.7,77.1919,bid,1757015324055
1757015324.555193,4270.8,222.0261,ask,1757015324055
1757015324.6449082,4270.7,77.1919,bid,1757015324203
1757015324.6449082,4270.8,344.4833,ask,1757015324203
1757015324.7240484,4270.7,79.4419,bid,1757015324370
1757015324.7240484,4270.8,362.4634,ask,1757015324370
1757015324.9937117,4270.7,101.6833,bid,1757015324569
1757015324.9937117,4270.8,194.5193,ask,1757015324569
1757015325.093908,4270.7,101.6833,bid,1757015324659
1757015325.093908,4270.8,171.5702,ask,1757015324659
1757015325.1225686,4270.7,88.805,bid,1757015324767
1757015325.1225686,4270.8,143.3731,ask,1757015324767
1757015325.1343176,4270.7,88.805,bid,1757015324860
1757015325.1343176,4270.8,112.766,ask,1757015324860
1757015325.2439334,4270.7,86.0441,bid,1757015324913
1757015325.2439334,4270.8,103.3995,ask,1757015324913
1757015325.4824324,4270.7,85.7103,bid,1757015325061
1757015325.4824324,4270.8,115.1058,ask,1757015325061
1757015325.5850575,4270.7,85.8274,bid,1757015325122
1757015325.5850575,4270.8,116.3165,ask,1757015325122
1757015325.5850575,4270.7,170.2482,bid,1757015325190
1757015325.5850575,4270.8,116.3165,ask,1757015325190
1757015325.585602,4270.7,170.2482,bid,1757015325262
1757015325.585602,4270.8,113.6161,ask,1757015325262
1757015325.6535404,4270.7,183.1265,bid,1757015325388
1757015325.6535404,4270.8,113.6161,ask,1757015325388
1757015325.796979,4270.7,108.6955,bid,1757015325464
1757015325.796979,4270.8,113.6161,ask,1757015325464
1757015325.908799,4270.7,89.9644,bid,1757015325523
1757015325.908799,4270.8,118.2991,ask,1757015325523
1757015326.345129,4270.7,3.4188,bid,1757015325601
1757015326.345129,4270.8,170.9761,ask,1757015325601
1757015326.632472,4270.6,0.6298,bid,1757015325674
1757015326.632472,4270.8,245.8043,ask,1757015325674
1757015326.6329925,4270.3,5.8536,bid,1757015325855
1757015326.6329925,4270.7,264.1839,ask,1757015325855
1757015326.69585,4270.3,5.8536,bid,1757015326078
1757015326.69585,4270.4,229.2681,ask,1757015326078
1757015326.7966473,4270.1,83.2394,bid,1757015326279
1757015326.7966473,4270.4,421.073,ask,1757015326279
1757015326.8455045,4270.1,0.0046,bid,1757015326464
1757015326.8455045,4270.2,71.0931,ask,1757015326464
1757015326.924282,4270.1,0.0046,bid,1757015326523
1757015326.924282,4270.2,105.9136,ask,1757015326523
1757015327.0349426,4270.0,3.6749,bid,1757015326609
1757015327.0349426,4270.2,313.0302,ask,1757015326609
1757015327.0582638,4270.0,6.004,bid,1757015326680
1757015327.0582638,4270.1,54.1795,ask,1757015326680
1757015327.096639,4270.0,6.004,bid,1757015326809
1757015327.096639,4270.1,117.3215,ask,1757015326809
1757015327.2052264,4270.0,6.004,bid,1757015326815
1757015327.2052264,4270.1,256.6341,ask,1757015326815
1757015327.4369721,4270.0,0.2671,bid,1757015326996
1757015327.4369721,4270.1,407.2803,ask,1757015326996
1757015327.4610465,4270.0,6.1211,bid,1757015327118
1757015327.4610465,4270.1,568.3421,ask,1757015327118
1757015327.6212611,4270.0,1.1809,bid,1757015327213
1757015327.6212611,4270.1,545.6151,ask,1757015327213
1757015327.8894758,4270.0,1.1809,bid,1757015327412
1757015327.8894758,4270.1,392.3563,ask,1757015327412
1757015328.12719,4270.0,3.6795,bid,1757015327582
1757015328.12719,4270.1,388.6356,ask,1757015327582
1757015328.1284091,4270.0,3.6795,bid,1757015327687
1757015328.1284091,4270.1,366.3618,ask,1757015327687
1757015328.1772656,4270.0,4.8483,bid,1757015327811
1757015328.1772656,4270.1,327.285,ask,1757015327811
1757015328.2127538,4270.0,4.8483,bid,1757015327957
1757015328.2127538,4270.1,282.7792,ask,1757015327957
1757015328.2918813,4270.0,4.8483,bid,1757015328022
1757015328.2918813,4270.1,274.7097,ask,1757015328022
1757015328.3942463,4270.0,4.8483,bid,1757015328090
1757015328.3942463,4270.1,269.9867,ask,1757015328090
1757015328.505464,4270.0,11.5057,bid,1757015328168
1757015328.505464,4270.1,211.0607,ask,1757015328168
1757015328.556703,4270.0,11.6157,bid,1757015328223
1757015328.556703,4270.1,198.2198,ask,1757015328223
1757015328.6213562,4270.0,19.4576,bid,1757015328291
1757015328.6213562,4270.1,194.3802,ask,1757015328291
1757015328.6658604,4270.0,19.4576,bid,1757015328378
1757015328.6658604,4270.1,178.7282,ask,1757015328378
1757015328.7392662,4270.0,72.1429,bid,1757015328461
1757015328.7392662,4270.1,124.9878,ask,1757015328461
1757015328.7972205,4270.0,233.8489,bid,1757015328522
1757015328.7972205,4270.1,95.4279,ask,1757015328522
1757015328.9503386,4270.0,362.3904,bid,1757015328599
1757015328.9503386,4270.1,79.0016,ask,1757015328599
1757015329.052484,4270.0,277.9558,bid,1757015328676
1757015329.052484,4270.1,66.8431,ask,1757015328676
1757015329.0959575,4270.0,282.9053,bid,1757015328747
1757015329.0959575,4270.1,66.3094,ask,1757015328747
1757015329.1382601,4270.0,286.7053,bid,1757015328850
1757015329.1382601,4270.1,66.3094,ask,1757015328850
1757015329.2137487,4270.0,178.5571,bid,1757015328944
1757015329.2137487,4270.1,66.3094,ask,1757015328944
1757015329.3291225,4270.0,171.2939,bid,1757015329013
1757015329.3291225,4270.1,66.3094,ask,1757015329013
1757015329.371855,4270.0,242.8481,bid,1757015329070
1757015329.371855,4270.1,66.3094,ask,1757015329070
1757015329.4614527,4270.0,350.9963,bid,1757015329145
1757015329.4614527,4270.1,66.3094,ask,1757015329145
1757015329.8893416,4270.0,363.8767,bid,1757015329623
1757015329.8893416,4270.1,59.3094,ask,1757015329623
1757015329.9988477,4270.0,364.0638,bid,1757015329676
1757015329.9988477,4270.1,59.3094,ask,1757015329676
1757015330.0829353,4270.0,364.6682,bid,1757015329735
1757015330.0829353,4270.1,59.3094,ask,1757015329735
1757015330.1870785,4270.0,972.8758,bid,1757015329829
1757015330.1870785,4270.1,4.3171,ask,1757015329829
1757015330.2087297,4270.0,983.2158,bid,1757015329892
1757015330.2087297,4270.1,4.3171,ask,1757015329892
1757015330.547806,4270.0,1017.8518,bid,1757015330076
1757015330.547806,4270.2,0.0393,ask,1757015330076
1757015330.5592825,4270.1,628.7207,bid,1757015330241
1757015330.5592825,4270.2,0.0316,ask,1757015330241
1757015330.7266114,4270.1,680.3497,bid,1757015330304
1757015330.7266114,4270.2,0.0316,ask,1757015330304
1757015330.7308197,4270.1,1259.2248,bid,1757015330439
1757015330.7308197,4270.2,0.0316,ask,1757015330439
1757015331.256703,4270.1,948.8328,bid,1757015330640
1757015331.256703,4271.2,4.2268,ask,1757015330640
1757015331.6017053,4271.1,58.3919,bid,1757015330787
1757015331.6017053,4271.2,4.512,ask,1757015330787
1757015331.6017053,4271.1,35.1312,bid,1757015330954
1757015331.6017053,4271.2,4.512,ask,1757015330954
1757015331.7275674,4271.1,27.9506,bid,1757015331129
1757015331.7275674,4271.2,30.4395,ask,1757015331129
1757015331.7275674,4271.1,28.0926,bid,1757015331263
1757015331.7275674,4271.2,25.9275,ask,1757015331263
1757015331.8296208,4271.1,22.0004,bid,1757015331324
1757015331.8296208,4271.2,23.7654,ask,1757015331324
1757015331.885739,4271.1,22.0004,bid,1757015331420
1757015331.885739,4271.2,22.948,ask,1757015331420
1757015331.885739,4271.1,14.958,bid,1757015331493
1757015331.885739,4271.2,22.948,ask,1757015331493
1757015331.9080396,4271.1,17.6179,bid,1757015331595
1757015331.9080396,4271.2,22.948,ask,1757015331595
1757015332.0088754,4271.1,10.2477,bid,1757015331688
1757015332.0088754,4271.2,50.8836,ask,1757015331688
1757015332.062784,4271.1,10.2074,bid,1757015331738
1757015332.062784,4271.2,61.0662,ask,1757015331738
1757015332.1689773,4271.1,10.2074,bid,1757015331864
1757015332.1689773,4271.2,61.1833,ask,1757015331864
1757015332.35751,4271.1,10.2046,bid,1757015332000
1757015332.35751,4271.2,82.2513,ask,1757015332000
1757015332.785342,4271.1,12.5459,bid,1757015332292
1757015332.785342,4271.2,92.2093,ask,1757015332292
1757015332.8442101,4271.1,17.3981,bid,1757015332475
1757015332.8442101,4271.2,84.9919,ask,1757015332475
1757015332.8598392,4271.1,17.3981,bid,1757015332543
1757015332.8598392,4271.2,80.0683,ask,1757015332543
1757015332.9474099,4271.1,17.3981,bid,1757015332643
1757015332.9474099,4271.2,70.0426,ask,1757015332643
1757015333.1206405,4271.1,266.71,bid,1757015332851
1757015333.1206405,4271.2,29.8925,ask,1757015332851
1757015333.237484,4271.1,308.6224,bid,1757015332912
1757015333.237484,4271.2,25.653,ask,1757015332912
1757015333.391966,4271.1,309.7912,bid,1757015333047
1757015333.391966,4271.2,4.585,ask,1757015333047
1757015333.4057286,4271.1,319.5912,bid,1757015333119
1757015333.4057286,4271.2,4.585,ask,1757015333119
1757015333.6654596,4271.1,319.5912,bid,1757015333400
1757015333.6654596,4271.2,4.5773,ask,1757015333400
1757015333.864695,4271.1,404.004,bid,1757015333533
1757015333.864695,4271.2,8.0891,ask,1757015333533
1757015333.9348607,4271.1,404.004,bid,1757015333665
1757015333.9348607,4271.2,7.9168,ask,1757015333665
1757015334.131601,4271.1,404.004,bid,1757015333865
1757015334.131601,4271.2,25.4744,ask,1757015333865
1757015334.2018907,4271.1,404.004,bid,1757015333920
1757015334.2018907,4271.2,25.7154,ask,1757015333920
1757015334.3837297,4271.1,404.004,bid,1757015334064
1757015334.3837297,4271.2,3.8215,ask,1757015334064
