timestamp,price,size,side,exchange_timestamp
1757015216.8747032,109755.0,3.24457,bid,1757015216253
1757015216.8747032,109756.0,15.17236,ask,1757015216253
1757015216.9958947,109755.0,3.25292,bid,1757015216323
1757015216.9958947,109756.0,15.17236,ask,1757015216323
1757015216.9974003,109755.0,2.50292,bid,1757015216528
1757015216.9974003,109756.0,15.17236,ask,1757015216528
1757015216.9974003,109755.0,0.57412,bid,1757015216627
1757015216.9974003,109756.0,15.21791,ask,1757015216627
1757015217.0706973,109755.0,0.57423,bid,1757015216728
1757015217.0706973,109756.0,15.21791,ask,1757015216728
1757015217.4884233,109755.0,0.37511,bid,1757015217063
1757015217.4884233,109756.0,15.21791,ask,1757015217063
1757015217.6704783,109755.0,0.37511,bid,1757015217237
1757015217.6704783,109756.0,15.30716,ask,1757015217237
1757015217.815129,109755.0,0.37511,bid,1757015217477
1757015217.815129,109756.0,15.29752,ask,1757015217477
1757015217.9937594,109755.0,0.65259,bid,1757015217641
1757015217.9937594,109756.0,13.84015,ask,1757015217641
1757015218.0869663,109755.0,0.65259,bid,1757015217788
1757015218.0869663,109756.0,9.28514,ask,1757015217788
1757015218.1774497,109755.0,0.65259,bid,1757015217870
1757015218.1774497,109756.0,7.83083,ask,1757015217870
1757015218.2995064,109755.0,0.65259,bid,1757015217987
1757015218.2995064,109756.0,9.19732,ask,1757015217987
1757015218.4592683,109755.0,0.64883,bid,1757015218073
1757015218.4592683,109756.0,9.19732,ask,1757015218073
1757015218.509549,109755.0,0.64048,bid,1757015218219
1757015218.509549,109756.0,9.19732,ask,1757015218219
1757015218.6974669,109755.0,0.64048,bid,1757015218421
1757015218.6974669,109756.0,7.83083,ask,1757015218421
1757015219.0492659,109755.0,8.72049,bid,1757015218672
1757015219.0492659,109756.0,2.95702,ask,1757015218672
1757015219.2344947,109755.0,16.8015,bid,1757015218875
1757015219.2344947,109756.0,0.67101,ask,1757015218875
1757015219.5028787,109755.0,20.11252,bid,1757015219086
1757015219.5028787,109756.0,0.35559,ask,1757015219086
1757015219.5306172,109755.0,22.84478,bid,1757015219197
1757015219.5306172,109756.0,0.35559,ask,1757015219197
1757015219.5731497,109755.0,23.01886,bid,1757015219286
1757015219.5731497,109756.0,0.20011,ask,1757015219286
1757015219.9688115,109755.0,23.15189,bid,1757015219390
1757015219.9688115,109756.0,0.20011,ask,1757015219390
1757015220.294303,109755.0,24.56743,bid,1757015219736
1757015220.294303,109756.0,0.20512,ask,1757015219736
1757015220.5115337,109755.0,24.67758,bid,1757015220005
1757015220.5115337,109756.0,0.20512,ask,1757015220005
1757015220.619787,109755.0,29.80598,bid,1757015220144
1757015220.619787,109756.0,0.20512,ask,1757015220144
1757015220.7130532,109755.0,29.84043,bid,1757015220266
1757015220.7130532,109757.0,0.02267,ask,1757015220266
1757015220.7358105,109756.0,9.34393,bid,1757015220445
1757015220.7358105,109757.0,0.02267,ask,1757015220445
1757015220.7654738,109756.0,15.58149,bid,1757015220493
1757015220.7654738,109757.0,0.02267,ask,1757015220493
1757015221.0344946,109756.0,49.29226,bid,1757015220550
1757015221.0344946,109757.0,0.02267,ask,1757015220550
1757015221.1480856,109756.0,56.79974,bid,1757015220604
1757015221.1480856,109757.0,0.02267,ask,1757015220604
1757015221.1480856,109756.0,67.88505,bid,1757015220780
1757015221.1480856,109759.0,0.00011,ask,1757015220780
1757015221.1871867,109758.0,6.14377,bid,1757015220847
1757015221.1871867,109759.0,0.00011,ask,1757015220847
1757015221.3352463,109758.0,11.77714,bid,1757015220995
1757015221.3352463,109768.0,0.00029,ask,1757015220995
1757015221.5514073,109767.0,7.5942,bid,1757015221096
1757015221.5514073,109768.0,0.00029,ask,1757015221096
1757015221.7207818,109768.0,1.93205,bid,1757015221220
1757015221.7207818,109770.0,0.00011,ask,1757015221220
1757015221.7366633,109769.0,1.46862,bid,1757015221298
1757015221.7366633,109770.0,0.00011,ask,1757015221298
1757015221.7636278,109769.0,2.78893,bid,1757015221421
1757015221.7636278,109770.0,0.00011,ask,1757015221421
1757015221.7827983,109769.0,5.63487,bid,1757015221571
1757015221.7827983,109770.0,0.00011,ask,1757015221571
1757015221.9032435,109769.0,15.23228,bid,1757015221613
1757015221.9032435,109771.0,0.00011,ask,1757015221613
1757015221.9896698,109770.0,9.24115,bid,1757015221635
1757015221.9896698,109774.0,0.91096,ask,1757015221635
1757015222.0526278,109773.0,3.75803,bid,1757015221697
1757015222.0526278,109774.0,0.91096,ask,1757015221697
1757015222.2435486,109773.0,8.04143,bid,1757015221902
1757015222.2435486,109774.0,0.91085,ask,1757015221902
1757015222.487147,109773.0,24.68394,bid,1757015222034
1757015222.487147,109774.0,0.11,ask,1757015222034
1757015222.6462345,109773.0,35.90341,bid,1757015222230
1757015222.6462345,109774.0,0.11,ask,1757015222230
1757015222.7184775,109773.0,32.68183,bid,1757015222324
1757015222.7184775,109774.0,0.27677,ask,1757015222324
1757015222.768144,109773.0,26.35325,bid,1757015222431
1757015222.768144,109774.0,0.27677,ask,1757015222431
1757015222.827994,109773.0,22.03934,bid,1757015222522
1757015222.827994,109774.0,0.45769,ask,1757015222522
1757015222.9096613,109773.0,22.79392,bid,1757015222585
1757015222.9096613,109774.0,0.34769,ask,1757015222585
1757015223.0095286,109773.0,22.62032,bid,1757015222674
1757015223.0095286,109774.0,0.34769,ask,1757015222674
1757015223.1540766,109773.0,25.27952,bid,1757015222748
1757015223.1540766,109774.0,0.34769,ask,1757015222748
1757015223.1540766,109773.0,25.09732,bid,1757015222826
1757015223.1540766,109774.0,0.10107,ask,1757015222826
1757015223.2806416,109773.0,25.09732,bid,1757015222884
1757015223.2806416,109774.0,0.21107,ask,1757015222884
1757015223.4399385,109773.0,24.65412,bid,1757015223057
1757015223.4399385,109774.0,0.21107,ask,1757015223057
1757015223.461659,109773.0,24.65412,bid,1757015223143
1757015223.461659,109774.0,1.36854,ask,1757015223143
1757015223.5670974,109773.0,24.89527,bid,1757015223194
1757015223.5670974,109774.0,1.36854,ask,1757015223194
1757015223.6410496,109773.0,22.41097,bid,1757015223351
1757015223.6410496,109774.0,1.36854,ask,1757015223351
1757015223.8305173,109773.0,22.86593,bid,1757015223552
1757015223.8305173,109774.0,1.56854,ask,1757015223552
1757015224.0079618,109773.0,22.86593,bid,1757015223698
1757015224.0079618,109774.0,1.43192,ask,1757015223698
1757015224.1120267,109773.0,22.86593,bid,1757015223753
1757015224.1120267,109774.0,1.47937,ask,1757015223753
1757015224.1283245,109773.0,22.5675,bid,1757015223825
1757015224.1283245,109774.0,0.45852,ask,1757015223825
1757015224.2388244,109773.0,22.70412,bid,1757015223955
1757015224.2388244,109774.0,0.45852,ask,1757015223955
1757015224.3741176,109773.0,25.43668,bid,1757015224030
1757015224.3741176,109774.0,0.45817,ask,1757015224030
1757015224.3886235,109773.0,26.39308,bid,1757015224101
1757015224.3886235,109774.0,0.45817,ask,1757015224101
1757015224.5995135,109773.0,28.21479,bid,1757015224291
1757015224.5995135,109774.0,0.45817,ask,1757015224291
1757015224.730322,109773.0,27.66828,bid,1757015224358
1757015224.730322,109774.0,0.59479,ask,1757015224358
1757015225.1713955,109773.0,22.86704,bid,1757015224468
1757015225.1713955,109774.0,0.70479,ask,1757015224468
1757015225.5302036,109773.0,22.15474,bid,1757015224469
1757015225.5302036,109774.0,1.61565,ask,1757015224469
1757015225.5302036,109773.0,14.35487,bid,1757015224761
1757015225.5302036,109774.0,0.45817,ask,1757015224761
1757015225.5441275,109773.0,17.63395,bid,1757015224915
1757015225.5441275,109774.0,0.45817,ask,1757015224915
1757015225.5441275,109773.0,17.19857,bid,1757015225078
1757015225.5441275,109774.0,0.45817,ask,1757015225078
1757015225.6763365,109773.0,19.56679,bid,1757015225201
1757015225.6763365,109774.0,0.34817,ask,1757015225201
1757015225.6763365,109773.0,19.56679,bid,1757015225266
1757015225.6763365,109774.0,0.34573,ask,1757015225266
1757015225.7701504,109773.0,18.31568,bid,1757015225408
1757015225.7701504,109774.0,0.49418,ask,1757015225408
1757015225.914173,109773.0,21.19019,bid,1757015225593
1757015225.914173,109774.0,0.35756,ask,1757015225593
1757015226.000843,109773.0,22.06251,bid,1757015225653
1757015226.000843,109774.0,0.31011,ask,1757015225653
1757015226.1314733,109773.0,24.66103,bid,1757015225731
1757015226.1314733,109774.0,0.31011,ask,1757015225731
1757015226.2040858,109773.0,24.75202,bid,1757015225784
1757015226.2040858,109774.0,0.31011,ask,1757015225784
1757015226.2987983,109773.0,24.7467,bid,1757015225850
1757015226.2987983,109774.0,0.31011,ask,1757015225850
1757015226.3079538,109773.0,24.7467,bid,1757015225934
1757015226.3079538,109774.0,0.20011,ask,1757015225934
1757015226.6276143,109773.0,24.99282,bid,1757015226294
1757015226.6276143,109774.0,0.20011,ask,1757015226294
1757015226.709371,109773.0,25.12944,bid,1757015226376
1757015226.709371,109774.0,0.20011,ask,1757015226376
1757015226.8737085,109773.0,29.71972,bid,1757015226536
1757015226.8737085,109774.0,0.20011,ask,1757015226536
1757015226.9340408,109773.0,29.73274,bid,1757015226598
1757015226.9340408,109774.0,0.20011,ask,1757015226598
1757015227.0060787,109773.0,29.91493,bid,1757015226720
1757015227.0060787,109774.0,0.20011,ask,1757015226720
1757015227.1522884,109773.0,30.13493,bid,1757015226843
1757015227.1522884,109774.0,0.20011,ask,1757015226843
1757015227.4547508,109773.0,31.30569,bid,1757015227037
1757015227.4547508,109774.0,0.20001,ask,1757015227037
1757015227.603742,109773.0,31.27104,bid,1757015227169
1757015227.603742,109774.0,0.20001,ask,1757015227169
1757015227.6903117,109774.0,1.7654,bid,1757015227427
1757015227.6903117,109780.0,0.0424,ask,1757015227427
1757015227.8158517,109779.0,8.33554,bid,1757015227483
1757015227.8158517,109780.0,0.0424,ask,1757015227483
1757015228.0610683,109779.0,11.77118,bid,1757015227655
1757015228.0610683,109780.0,0.0424,ask,1757015227655
1757015228.1170938,109779.0,22.92852,bid,1757015227705
1757015228.1170938,109780.0,0.0424,ask,1757015227705
1757015228.2858877,109779.0,29.96574,bid,1757015227912
1757015228.2858877,109780.0,0.0424,ask,1757015227912
1757015228.326713,109779.0,27.84223,bid,1757015227963
1757015228.326713,109780.0,0.28913,ask,1757015227963
1757015228.3968987,109779.0,22.02847,bid,1757015228026
1757015228.3968987,109780.0,0.39458,ask,1757015228026
1757015228.5930402,109779.0,19.28549,bid,1757015228190
1757015228.5930402,109780.0,0.62473,ask,1757015228190
1757015228.681837,109779.0,18.78549,bid,1757015228313
1757015228.681837,109780.0,1.53554,ask,1757015228313
1757015228.8749125,109779.0,17.80039,bid,1757015228519
1757015228.8749125,109780.0,1.53554,ask,1757015228519
1757015228.9995625,109779.0,16.48991,bid,1757015228593
1757015228.9995625,109780.0,1.53554,ask,1757015228593
1757015229.073462,109779.0,16.03191,bid,1757015228697
1757015229.073462,109780.0,1.78108,ask,1757015228697
1757015229.1346211,109779.0,16.49127,bid,1757015228793
1757015229.1346211,109780.0,1.78108,ask,1757015228793
1757015229.2424586,109779.0,16.03191,bid,1757015228903
1757015229.2424586,109780.0,1.78108,ask,1757015228903
1757015229.2774725,109779.0,16.48687,bid,1757015228994
1757015229.2774725,109780.0,1.78108,ask,1757015228994
1757015229.4711387,109779.0,16.7216,bid,1757015229098
1757015229.4711387,109780.0,1.78108,ask,1757015229098
1757015229.5667987,109779.0,16.49523,bid,1757015229304
1757015229.5667987,109780.0,1.79397,ask,1757015229304
1757015229.6613994,109779.0,16.48991,bid,1757015229362
1757015229.6613994,109780.0,4.52638,ask,1757015229362
1757015229.7538877,109779.0,16.45955,bid,1757015229431
1757015229.7538877,109780.0,4.52394,ask,1757015229431
1757015230.2939541,109779.0,22.16523,bid,1757015229578
1757015230.2939541,109780.0,0.28869,ask,1757015229578
1757015230.3860357,109779.0,22.17055,bid,1757015229752
1757015230.3860357,109780.0,0.20011,ask,1757015229752
1757015230.4935036,109779.0,22.00485,bid,1757015229892
1757015230.4935036,109780.0,0.20011,ask,1757015229892
1757015230.5592113,109779.0,13.78947,bid,1757015230165
1757015230.5592113,109780.0,2.46672,ask,1757015230165
1757015230.5910225,109779.0,14.70027,bid,1757015230215
1757015230.5910225,109780.0,5.21205,ask,1757015230215
1757015230.6955485,109779.0,9.01037,bid,1757015230400
1757015230.6955485,109780.0,5.21205,ask,1757015230400
1757015230.8103583,109779.0,6.96065,bid,1757015230459
1757015230.8103583,109780.0,5.19916,ask,1757015230459
1757015230.8319304,109779.0,6.65664,bid,1757015230529
1757015230.8319304,109780.0,2.47961,ask,1757015230529
1757015230.844311,109779.0,6.62624,bid,1757015230576
1757015230.844311,109780.0,2.50976,ask,1757015230576
1757015230.9892986,109779.0,7.0817,bid,1757015230704
1757015230.9892986,109780.0,4.44303,ask,1757015230704
1757015231.057728,109779.0,5.71521,bid,1757015230776
1757015231.057728,109780.0,4.44303,ask,1757015230776
1757015231.127932,109779.0,5.8063,bid,1757015230834
1757015231.127932,109780.0,4.99894,ask,1757015230834
1757015231.2556345,109779.0,6.36202,bid,1757015230923
1757015231.2556345,109780.0,4.63146,ask,1757015230923
1757015231.4256752,109779.0,6.72616,bid,1757015231067
1757015231.4256752,109780.0,4.63146,ask,1757015231067
1757015231.495527,109779.0,8.09238,bid,1757015231215
1757015231.495527,109780.0,4.63146,ask,1757015231215
1757015231.5606425,109779.0,7.17321,bid,1757015231287
1757015231.5606425,109780.0,4.63146,ask,1757015231287
1757015231.891869,109779.0,8.08402,bid,1757015231538
1757015231.891869,109780.0,4.70221,ask,1757015231538
1757015231.9513032,109779.0,7.17311,bid,1757015231690
1757015231.9513032,109780.0,5.71301,ask,1757015231690
1757015232.171357,109779.0,4.08143,bid,1757015231797
1757015232.171357,109780.0,13.47495,ask,1757015231797
1757015232.255217,109779.0,4.17302,bid,1757015231862
1757015232.255217,109780.0,13.47495,ask,1757015231862
1757015232.308206,109779.0,4.17302,bid,1757015231941
1757015232.308206,109780.0,10.76309,ask,1757015231941
1757015232.347312,109779.0,4.17302,bid,1757015232000
1757015232.347312,109780.0,10.76297,ask,1757015232000
1757015232.4100354,109779.0,3.62647,bid,1757015232142
1757015232.4100354,109780.0,10.76297,ask,1757015232142
1757015232.501504,109779.0,3.62647,bid,1757015232201
1757015232.501504,109780.0,13.49538,ask,1757015232201
1757015232.6639333,109779.0,3.62306,bid,1757015232342
1757015232.6639333,109780.0,13.49538,ask,1757015232342
1757015232.804651,109779.0,3.57367,bid,1757015232496
1757015232.804651,109780.0,13.49538,ask,1757015232496
1757015232.8571594,109779.0,3.57367,bid,1757015232562
1757015232.8571594,109780.0,13.4748,ask,1757015232562
1757015233.0385718,109779.0,3.57367,bid,1757015232709
1757015233.0385718,109780.0,13.4749,ask,1757015232709
1757015233.3744895,109779.0,3.22847,bid,1757015233007
1757015233.3744895,109780.0,13.47831,ask,1757015233007
1757015233.5832074,109779.0,2.98898,bid,1757015233264
1757015233.5832074,109780.0,13.47831,ask,1757015233264
1757015233.647625,109779.0,0.98898,bid,1757015233389
1757015233.647625,109780.0,13.47831,ask,1757015233389
1757015233.830039,109779.0,0.97467,bid,1757015233592
1757015233.830039,109780.0,13.47843,ask,1757015233592
1757015234.4078276,109779.0,0.97467,bid,1757015234104
1757015234.4078276,109780.0,13.52391,ask,1757015234104
1757015234.5217013,109779.0,0.97467,bid,1757015234244
1757015234.5217013,109780.0,13.51635,ask,1757015234244
1757015234.6594944,109779.0,1.97055,bid,1757015234400
1757015234.6594944,109780.0,11.80828,ask,1757015234400
1757015234.7319465,109779.0,2.06164,bid,1757015234465
1757015234.7319465,109780.0,11.80828,ask,1757015234465
1757015235.527968,109779.0,1.07108,bid,1757015235039
1757015235.527968,109780.0,12.64349,ask,1757015235039
1757015235.6143696,109779.0,1.07108,bid,1757015235212
1757015235.6143696,109780.0,7.83656,ask,1757015235212
1757015235.6454053,109779.0,1.07108,bid,1757015235352
1757015235.6454053,109780.0,6.06032,ask,1757015235352
1757015235.6871095,109779.0,1.98187,bid,1757015235424
1757015235.6871095,109780.0,6.06032,ask,1757015235424
1757015236.003629,109779.0,1.07108,bid,1757015235627
1757015236.003629,109780.0,7.97298,ask,1757015235627
1757015236.018798,109779.0,1.07108,bid,1757015235719
1757015236.018798,109780.0,7.97313,ask,1757015235719
1757015236.0456636,109779.0,1.07108,bid,1757015235786
1757015236.0456636,109780.0,8.04381,ask,1757015235786
1757015236.2010794,109779.0,1.06576,bid,1757015235922
1757015236.2010794,109780.0,7.92819,ask,1757015235922
1757015236.383664,109779.0,1.06576,bid,1757015236052
1757015236.383664,109780.0,7.92809,ask,1757015236052
1757015236.527584,109779.0,1.07108,bid,1757015236177
1757015236.527584,109780.0,7.9152,ask,1757015236177
1757015236.633592,109779.0,1.07108,bid,1757015236320
1757015236.633592,109780.0,7.96074,ask,1757015236320
1757015237.0609837,109779.0,1.07034,bid,1757015236781
1757015237.0609837,109780.0,7.96074,ask,1757015236781
1757015237.2135985,109779.0,3.34733,bid,1757015236938
1757015237.2135985,109780.0,6.04793,ask,1757015236938
1757015237.2835698,109779.0,3.58027,bid,1757015237019
1757015237.2835698,109780.0,5.99282,ask,1757015237019
1757015237.3935997,109779.0,3.58027,bid,1757015237115
1757015237.3935997,109780.0,2.7139,ask,1757015237115
1757015237.593382,109779.0,3.58027,bid,1757015237316
1757015237.593382,109780.0,2.85051,ask,1757015237316
1757015237.6515276,109779.0,3.75565,bid,1757015237385
1757015237.6515276,109780.0,2.71389,ask,1757015237385
1757015237.795017,109779.0,3.75565,bid,1757015237520
1757015237.795017,109780.0,1.84861,ask,1757015237520
1757015238.0742054,109779.0,3.75565,bid,1757015237724
1757015238.0742054,109780.0,2.7594,ask,1757015237724
1757015238.205982,109779.0,1.47866,bid,1757015237921
1757015238.205982,109780.0,3.30587,ask,1757015237921
1757015238.2528734,109779.0,1.07034,bid,1757015237976
1757015238.2528734,109780.0,7.94255,ask,1757015237976
1757015238.46715,109779.0,1.98114,bid,1757015238122
1757015238.46715,109780.0,7.74255,ask,1757015238122
1757015238.4982507,109779.0,2.43653,bid,1757015238175
1757015238.4982507,109780.0,7.19608,ask,1757015238175
1757015238.6123238,109779.0,6.46336,bid,1757015238321
1757015238.6123238,109780.0,4.91924,ask,1757015238321
1757015238.6871479,109779.0,5.64372,bid,1757015238376
1757015238.6871479,109780.0,4.78263,ask,1757015238376
1757015238.7998097,109779.0,12.63787,bid,1757015238536
1757015238.7998097,109780.0,0.45625,ask,1757015238536
1757015238.874714,109779.0,14.61968,bid,1757015238585
1757015238.874714,109780.0,0.22711,ask,1757015238585
1757015238.9735265,109779.0,14.33728,bid,1757015238651
1757015238.9735265,109780.0,0.22711,ask,1757015238651
1757015239.1071477,109779.0,16.37904,bid,1757015238839
1757015239.1071477,109780.0,0.18999,ask,1757015238839
1757015239.255027,109779.0,23.47469,bid,1757015238961
1757015239.255027,109780.0,0.18658,ask,1757015238961
1757015239.399452,109779.0,23.56579,bid,1757015239022
1757015239.399452,109780.0,0.18203,ask,1757015239022
1757015239.5867233,109779.0,27.61573,bid,1757015239258
1757015239.5867233,109780.0,0.18203,ask,1757015239258
1757015239.7495484,109779.0,28.25119,bid,1757015239447
1757015239.7495484,109780.0,0.18203,ask,1757015239447
1757015240.43206,109779.0,32.05755,bid,1757015239600
1757015240.43206,109782.0,0.00011,ask,1757015239600
1757015240.7474093,109781.0,20.50472,bid,1757015239865
1757015240.7474093,109782.0,0.00011,ask,1757015239865
1757015240.7474093,109781.0,24.01895,bid,1757015240060
1757015240.7474093,109782.0,0.00011,ask,1757015240060
1757015240.7547996,109781.0,25.52891,bid,1757015240112
1757015240.7547996,109782.0,0.00011,ask,1757015240112
1757015240.7547996,109781.0,44.21815,bid,1757015240168
1757015240.7547996,109782.0,0.00011,ask,1757015240168
1757015240.8667367,109781.0,45.23089,bid,1757015240267
1757015240.8667367,109782.0,0.00011,ask,1757015240267
1757015240.8667367,109787.0,8.45901,bid,1757015240464
1757015240.8667367,109788.0,0.0067,ask,1757015240464
1757015240.8878343,109787.0,16.60216,bid,1757015240524
1757015240.8878343,109788.0,0.0067,ask,1757015240524
1757015240.9606574,109787.0,20.91788,bid,1757015240583
1757015240.9606574,109788.0,0.0067,ask,1757015240583
1757015241.0902932,109787.0,23.55995,bid,1757015240745
1757015241.0902932,109788.0,0.0067,ask,1757015240745
1757015241.142714,109787.0,45.72383,bid,1757015240810
1757015241.142714,109788.0,0.0067,ask,1757015240810
1757015241.3548594,109787.0,43.425,bid,1757015240974
1757015241.3548594,109788.0,0.0067,ask,1757015240974
1757015241.467651,109787.0,39.52604,bid,1757015241081
1757015241.467651,109788.0,0.0067,ask,1757015241081
1757015241.5503552,109787.0,37.81823,bid,1757015241152
1757015241.5503552,109788.0,0.00681,ask,1757015241152
1757015241.6500306,109787.0,38.3033,bid,1757015241254
1757015241.6500306,109788.0,0.00681,ask,1757015241254
1757015241.6500306,109787.0,36.30102,bid,1757015241368
1757015241.6500306,109788.0,0.00681,ask,1757015241368
1757015241.91257,109787.0,29.70136,bid,1757015241473
1757015241.91257,109788.0,0.00681,ask,1757015241473
1757015241.977717,109787.0,28.31616,bid,1757015241586
1757015241.977717,109788.0,0.11681,ask,1757015241586
1757015242.0431786,109787.0,26.01812,bid,1757015241651
1757015242.0431786,109788.0,0.11681,ask,1757015241651
1757015242.0593522,109787.0,25.79623,bid,1757015241776
1757015242.0593522,109788.0,0.23015,ask,1757015241776
1757015242.3674958,109787.0,28.04654,bid,1757015241940
1757015242.3674958,109788.0,0.23015,ask,1757015241940
1757015242.4891255,109787.0,28.04654,bid,1757015242062
1757015242.4891255,109788.0,0.2,ask,1757015242062
1757015242.491153,109787.0,25.45267,bid,1757015242113
1757015242.491153,109788.0,0.2,ask,1757015242113
1757015242.5210834,109787.0,25.44435,bid,1757015242216
1757015242.5210834,109788.0,0.2,ask,1757015242216
1757015242.5844085,109787.0,25.57996,bid,1757015242264
1757015242.5844085,109788.0,0.2,ask,1757015242264
1757015242.6850755,109787.0,25.98979,bid,1757015242419
1757015242.6850755,109788.0,0.2,ask,1757015242419
1757015242.8157153,109787.0,25.98978,bid,1757015242489
1757015242.8157153,109788.0,0.2,ask,1757015242489
1757015242.9334438,109787.0,26.30814,bid,1757015242657
1757015242.9334438,109788.0,0.2,ask,1757015242657
1757015243.0775516,109787.0,26.44475,bid,1757015242715
1757015243.0775516,109788.0,0.2,ask,1757015242715
1757015243.1423287,109787.0,25.89831,bid,1757015242774
1757015243.1423287,109788.0,0.23113,ask,1757015242774
1757015243.2222664,109787.0,25.07848,bid,1757015242869
1757015243.2222664,109788.0,0.23113,ask,1757015242869
1757015243.4992003,109787.0,27.2807,bid,1757015243072
1757015243.4992003,109788.0,0.2,ask,1757015243072
1757015243.607413,109787.0,27.6807,bid,1757015243165
1757015243.607413,109788.0,0.2,ask,1757015243165
1757015243.7194579,109787.0,27.75145,bid,1757015243271
1757015243.7194579,109788.0,0.2,ask,1757015243271
1757015243.7676556,109787.0,27.79699,bid,1757015243419
1757015243.7676556,109788.0,0.2,ask,1757015243419
1757015243.8499892,109787.0,30.5292,bid,1757015243557
1757015243.8499892,109788.0,0.2,ask,1757015243557
1757015244.010151,109787.0,30.09409,bid,1757015243713
1757015244.010151,109788.0,0.2,ask,1757015243713
1757015244.1267169,109787.0,30.12893,bid,1757015243814
1757015244.1267169,109788.0,0.2,ask,1757015243814
1757015244.3917425,109787.0,31.60501,bid,1757015244037
1757015244.3917425,109788.0,0.2,ask,1757015244037
1757015244.66433,109787.0,31.57017,bid,1757015244359
1757015244.66433,109788.0,0.2,ask,1757015244359
1757015244.6986516,109787.0,31.46017,bid,1757015244472
1757015244.6986516,109788.0,0.2,ask,1757015244472
1757015245.1931937,109787.0,32.60752,bid,1757015244675
1757015245.1931937,109788.0,0.15446,ask,1757015244675
1757015245.492351,109787.0,28.4565,bid,1757015244870
1757015245.492351,109788.0,0.15446,ask,1757015244870
1757015245.5948753,109787.0,27.94036,bid,1757015245165
1757015245.5948753,109788.0,0.15434,ask,1757015245165
1757015245.6263127,109787.0,27.93962,bid,1757015245283
1757015245.6263127,109788.0,0.15434,ask,1757015245283
1757015246.0074747,109787.0,30.70665,bid,1757015245501
1757015246.0074747,109788.0,0.15434,ask,1757015245501
1757015246.0074747,109787.0,32.54806,bid,1757015245644
1757015246.0074747,109788.0,0.15434,ask,1757015245644
1757015246.0074747,109787.0,32.85806,bid,1757015245700
1757015246.0074747,109788.0,0.15434,ask,1757015245700
1757015246.0360105,109787.0,32.94915,bid,1757015245771
1757015246.0360105,109788.0,0.15434,ask,1757015245771
1757015246.2336957,109787.0,36.22778,bid,1757015245896
1757015246.2336957,109788.0,0.15434,ask,1757015245896
1757015246.531219,109787.0,38.81736,bid,1757015246135
1757015246.531219,109788.0,0.15434,ask,1757015246135
1757015246.6525402,109787.0,41.68226,bid,1757015246342
1757015246.6525402,109788.0,0.15434,ask,1757015246342
1757015246.9100192,109787.0,41.70738,bid,1757015246599
1757015246.9100192,109788.0,0.15434,ask,1757015246599
1757015247.1361842,109787.0,44.2342,bid,1757015246679
1757015247.1361842,109796.0,0.00011,ask,1757015246679
1757015247.317171,109795.0,11.37699,bid,1757015246805
1757015247.317171,109796.0,0.00011,ask,1757015246805
1757015247.3433163,109795.0,13.26921,bid,1757015246848
1757015247.3433163,109796.0,0.00011,ask,1757015246848
1757015247.5496604,109795.0,14.1487,bid,1757015247037
1757015247.5496604,109801.0,0.00011,ask,1757015247037
1757015247.6378896,109800.0,1.29293,bid,1757015247239
1757015247.6378896,109801.0,0.00011,ask,1757015247239
1757015247.6745355,109800.0,3.60716,bid,1757015247349
1757015247.6745355,109801.0,0.00011,ask,1757015247349
1757015247.813869,109800.0,7.7375,bid,1757015247441
1757015247.813869,109801.0,0.00011,ask,1757015247441
1757015247.9771538,109800.0,16.50164,bid,1757015247492
1757015247.9771538,109801.0,0.00011,ask,1757015247492
1757015248.027197,109800.0,35.15135,bid,1757015247563
1757015248.027197,109821.0,1.07739,ask,1757015247563
1757015248.2504714,109813.0,2.55724,bid,1757015247737
1757015248.2504714,109820.0,0.9106,ask,1757015247737
1757015248.2504714,109816.0,0.0622,bid,1757015247855
1757015248.2504714,109819.0,0.00011,ask,1757015247855
1757015248.39788,109818.0,0.5,bid,1757015247932
1757015248.39788,109819.0,0.00011,ask,1757015247932
1757015248.485261,109818.0,0.97362,bid,1757015248057
1757015248.485261,109819.0,0.00011,ask,1757015248057
1757015248.641041,109818.0,9.11411,bid,1757015248144
1757015248.641041,109819.0,1.01635,ask,1757015248144
1757015248.7542667,109818.0,13.08524,bid,1757015248299
1757015248.7542667,109819.0,1.69921,ask,1757015248299
1757015248.755771,109818.0,21.58515,bid,1757015248366
1757015248.755771,109819.0,1.69921,ask,1757015248366
1757015248.8728588,109818.0,8.57772,bid,1757015248585
1757015248.8728588,109819.0,4.65063,ask,1757015248585
1757015248.9601433,109818.0,6.31341,bid,1757015248639
1757015248.9601433,109819.0,0.65063,ask,1757015248639
1757015249.115585,109818.0,5.33675,bid,1757015248813
1757015249.115585,109819.0,0.65063,ask,1757015248813
1757015249.1676044,109818.0,4.90463,bid,1757015248886
1757015249.1676044,109819.0,0.65063,ask,1757015248886
1757015249.2580342,109818.0,3.53894,bid,1757015248943
1757015249.2580342,109819.0,1.10587,ask,1757015248943
1757015249.3255746,109818.0,3.53894,bid,1757015249014
1757015249.3255746,109819.0,1.09678,ask,1757015249014
1757015249.402445,109818.0,7.94277,bid,1757015249116
1757015249.402445,109819.0,0.80763,ask,1757015249116
1757015249.4500942,109818.0,7.94223,bid,1757015249178
1757015249.4500942,109819.0,0.80763,ask,1757015249178
1757015249.582023,109818.0,8.12435,bid,1757015249235
1757015249.582023,109819.0,0.80763,ask,1757015249235
1757015249.6738365,109818.0,3.72052,bid,1757015249383
1757015249.6738365,109819.0,0.80763,ask,1757015249383
1757015250.7485158,109818.0,4.63097,bid,1757015249873
1757015250.7485158,109819.0,1.71812,ask,1757015249873
1757015250.7501085,109818.0,4.63097,bid,1757015250239
1757015250.7501085,109819.0,1.7636,ask,1757015250239
1757015250.7501085,109818.0,5.99667,bid,1757015250290
1757015250.7501085,109819.0,1.7636,ask,1757015250290
1757015250.951882,109818.0,4.63097,bid,1757015250525
1757015250.951882,109819.0,2.097,ask,1757015250525
1757015250.984399,109818.0,3.72052,bid,1757015250649
1757015250.984399,109819.0,2.64329,ask,1757015250649
1757015251.032741,109818.0,4.63099,bid,1757015250726
1757015251.032741,109819.0,4.55528,ask,1757015250726
1757015251.0803325,109818.0,3.72052,bid,1757015250809
1757015251.0803325,109819.0,7.28674,ask,1757015250809
1757015251.340296,109818.0,9.61045,bid,1757015251013
1757015251.340296,109819.0,5.92103,ask,1757015251013
1757015251.3838313,109818.0,9.61045,bid,1757015251070
1757015251.3838313,109819.0,5.72103,ask,1757015251070
1757015251.4212713,109818.0,9.56106,bid,1757015251129
1757015251.4212713,109819.0,5.72103,ask,1757015251129
1757015251.7734625,109818.0,5.94728,bid,1757015251485
1757015251.7734625,109819.0,0.62233,ask,1757015251485
1757015251.9030554,109818.0,6.49609,bid,1757015251534
1757015251.9030554,109819.0,0.7155,ask,1757015251534
1757015251.933505,109818.0,7.49733,bid,1757015251663
1757015251.933505,109819.0,0.6055,ask,1757015251663
1757015251.9628448,109818.0,11.50343,bid,1757015251731
1757015251.9628448,109819.0,0.4721,ask,1757015251731
1757015252.0128593,109818.0,12.12885,bid,1757015251800
1757015252.0128593,109819.0,0.32319,ask,1757015251800
1757015252.1973178,109818.0,12.7248,bid,1757015251879
1757015252.1973178,109819.0,0.32319,ask,1757015251879
1757015252.268353,109818.0,12.63374,bid,1757015251933
1757015252.268353,109819.0,0.32319,ask,1757015251933
1757015252.5089567,109818.0,19.65348,bid,1757015252120
1757015252.5089567,109819.0,0.31843,ask,1757015252120
1757015252.6755676,109818.0,19.74454,bid,1757015252351
1757015252.6755676,109819.0,0.31843,ask,1757015252351
1757015253.136238,109818.0,19.83209,bid,1757015252853
1757015253.136238,109819.0,0.31843,ask,1757015252853
1757015253.2190351,109818.0,19.83209,bid,1757015252953
1757015253.2190351,109819.0,0.21319,ask,1757015252953
1757015254.0894551,109818.0,20.07193,bid,1757015253678
1757015254.0894551,109819.0,0.04548,ask,1757015253678
1757015254.1146235,109818.0,20.07193,bid,1757015253795
1757015254.1146235,109819.0,0.18205,ask,1757015253795
1757015254.3600924,109818.0,19.52564,bid,1757015253999
1757015254.3600924,109819.0,0.18205,ask,1757015253999
1757015254.5457842,109818.0,19.52564,bid,1757015254161
1757015254.5457842,109819.0,0.2917,ask,1757015254161
1757015254.7976382,109818.0,16.70067,bid,1757015254433
1757015254.7976382,109819.0,0.63283,ask,1757015254433
1757015255.0797772,109818.0,14.27989,bid,1757015254601
1757015255.0797772,109819.0,1.54346,ask,1757015254601
1757015255.327543,109818.0,13.8698,bid,1757015254731
1757015255.327543,109819.0,1.73597,ask,1757015254731
1757015255.690137,109818.0,4.65088,bid,1757015254810
1757015255.690137,109819.0,13.94512,ask,1757015254810
1757015255.690137,109818.0,2.61593,bid,1757015254859
1757015255.690137,109819.0,15.52636,ask,1757015254859
1757015255.763003,109818.0,2.61576,bid,1757015255036
1757015255.763003,109819.0,15.52636,ask,1757015255036
1757015255.8385725,109818.0,1.35162,bid,1757015255211
1757015255.8385725,109819.0,15.52636,ask,1757015255211
1757015255.8731177,109818.0,0.85162,bid,1757015255413
1757015255.8731177,109819.0,15.52636,ask,1757015255413
1757015255.9510636,109818.0,0.10162,bid,1757015255517
1757015255.9510636,109819.0,15.52636,ask,1757015255517
1757015255.9999926,109818.0,0.10162,bid,1757015255642
1757015255.9999926,109819.0,20.69695,ask,1757015255642
1757015256.1305125,109818.0,0.10162,bid,1757015255742
1757015256.1305125,109819.0,22.15589,ask,1757015255742
1757015256.199843,109818.0,0.00867,bid,1757015255813
1757015256.199843,109819.0,23.06997,ask,1757015255813
1757015256.4064405,109818.0,0.00867,bid,1757015256065
1757015256.4064405,109819.0,23.34315,ask,1757015256065
1757015256.5030591,109818.0,0.00793,bid,1757015256167
1757015256.5030591,109819.0,23.34315,ask,1757015256167
1757015256.7106488,109804.0,0.90582,bid,1757015256367
1757015256.7106488,109819.0,23.33892,ask,1757015256367
1757015256.8248324,109803.0,0.00011,bid,1757015256435
1757015256.8248324,109805.0,0.50374,ask,1757015256435
1757015256.9072957,109803.0,0.00011,bid,1757015256614
1757015256.9072957,109805.0,0.53646,ask,1757015256614
1757015257.0009513,109803.0,0.00011,bid,1757015256717
1757015257.0009513,109805.0,0.56918,ask,1757015256717
1757015257.1633484,109800.0,0.00011,bid,1757015256818
1757015257.1633484,109804.0,20.11063,ask,1757015256818
1757015257.3155453,109799.0,0.00011,bid,1757015256865
1757015257.3155453,109801.0,18.65923,ask,1757015256865
1757015257.5109289,109799.0,0.00011,bid,1757015257065
1757015257.5109289,109800.0,12.6644,ask,1757015257065
1757015257.5571504,109797.0,1.31666,bid,1757015257140
1757015257.5571504,109800.0,17.92403,ask,1757015257140
1757015257.6740925,109797.0,1.31666,bid,1757015257358
1757015257.6740925,109798.0,13.14028,ask,1757015257358
1757015257.8972273,109797.0,1.31677,bid,1757015257561
1757015257.8972273,109798.0,52.63975,ask,1757015257561
1757015258.0512624,109797.0,2.82827,bid,1757015257700
1757015258.0512624,109798.0,55.20353,ask,1757015257700
1757015258.2741935,109797.0,2.64612,bid,1757015257902
1757015258.2741935,109798.0,27.13013,ask,1757015257902
1757015258.377934,109797.0,2.64612,bid,1757015258030
1757015258.377934,109798.0,27.12559,ask,1757015258030
1757015258.4753737,109797.0,2.78782,bid,1757015258090
1757015258.4753737,109798.0,26.841,ask,1757015258090
1757015258.6877697,109797.0,2.69675,bid,1757015258362
1757015258.6877697,109798.0,27.84231,ask,1757015258362
1757015258.716995,109797.0,2.8789,bid,1757015258454
1757015258.716995,109798.0,25.72371,ask,1757015258454
1757015258.801737,109797.0,2.8789,bid,1757015258511
1757015258.801737,109798.0,15.67983,ask,1757015258511
1757015258.9584465,109797.0,2.96997,bid,1757015258653
1757015258.9584465,109798.0,15.67983,ask,1757015258653
1757015259.0149703,109797.0,2.96997,bid,1757015258708
1757015259.0149703,109798.0,15.87983,ask,1757015258708
1757015259.2830675,109797.0,2.8789,bid,1757015258901
1757015259.2830675,109798.0,15.87523,ask,1757015258901
1757015259.3184147,109797.0,3.0527,bid,1757015259025
1757015259.3184147,109798.0,15.85523,ask,1757015259025
1757015259.5439084,109797.0,3.60405,bid,1757015259210
1757015259.5439084,109798.0,15.84234,ask,1757015259210
1757015259.663108,109797.0,3.60405,bid,1757015259315
1757015259.663108,109798.0,14.74957,ask,1757015259315
1757015259.796982,109797.0,3.91706,bid,1757015259411
1757015259.796982,109798.0,14.74957,ask,1757015259411
1757015259.8894758,109797.0,3.91706,bid,1757015259519
1757015259.8894758,109798.0,15.66021,ask,1757015259519
1757015260.0188134,109797.0,5.50419,bid,1757015259720
1757015260.0188134,109798.0,14.55118,ask,1757015259720
1757015260.3353746,109797.0,8.91911,bid,1757015259835
1757015260.3353746,109798.0,14.53678,ask,1757015259835
1757015260.6142411,109797.0,14.6174,bid,1757015259917
1757015260.6142411,109798.0,8.51908,ask,1757015259917
1757015260.63637,109797.0,14.79299,bid,1757015260145
1757015260.63637,109798.0,1.79485,ask,1757015260145
1757015260.7987316,109797.0,14.79298,bid,1757015260377
1757015260.7987316,109798.0,1.15911,ask,1757015260377
1757015260.799252,109797.0,14.79298,bid,1757015260450
1757015260.799252,109798.0,0.89539,ask,1757015260450
1757015260.8885193,109797.0,12.06103,bid,1757015260515
1757015260.8885193,109798.0,0.89539,ask,1757015260515
1757015260.9258492,109797.0,12.06103,bid,1757015260584
1757015260.9258492,109798.0,0.74524,ask,1757015260584
1757015260.9811227,109797.0,12.10656,bid,1757015260678
1757015260.9811227,109798.0,0.74524,ask,1757015260678
1757015261.0718534,109797.0,16.37724,bid,1757015260793
1757015261.0718534,109798.0,0.24524,ask,1757015260793
1757015261.5284925,109797.0,16.37712,bid,1757015261043
1757015261.5284925,109798.0,0.24524,ask,1757015261043
1757015261.5284925,109797.0,16.28613,bid,1757015261131
1757015261.5284925,109798.0,0.24524,ask,1757015261131
1757015261.6012487,109797.0,15.73975,bid,1757015261333
1757015261.6012487,109798.0,0.24524,ask,1757015261333
1757015261.7108357,109797.0,10.59459,bid,1757015261416
1757015261.7108357,109798.0,0.2536,ask,1757015261416
1757015261.9475112,109797.0,10.30384,bid,1757015261624
1757015261.9475112,109798.0,0.2536,ask,1757015261624
1757015262.1499376,109797.0,10.31017,bid,1757015261836
1757015262.1499376,109798.0,1.30085,ask,1757015261836
1757015262.1979425,109797.0,9.39956,bid,1757015261920
1757015262.1979425,109798.0,4.77923,ask,1757015261920
1757015262.2972858,109797.0,8.44115,bid,1757015261978
1757015262.2972858,109798.0,4.76551,ask,1757015261978
1757015262.528814,109797.0,6.62872,bid,1757015262138
1757015262.528814,109798.0,1.69243,ask,1757015262138
1757015262.6676354,109797.0,2.14112,bid,1757015262215
1757015262.6676354,109798.0,4.4244,ask,1757015262215
1757015262.6676354,109797.0,2.14112,bid,1757015262339
1757015262.6676354,109798.0,4.45704,ask,1757015262339
1757015262.6890304,109797.0,2.46342,bid,1757015262408
1757015262.6890304,109798.0,4.45704,ask,1757015262408
1757015262.9593873,109797.0,2.74146,bid,1757015262641
1757015262.9593873,109798.0,4.59363,ask,1757015262641
1757015263.056985,109797.0,2.74146,bid,1757015262703
1757015263.056985,109798.0,4.45704,ask,1757015262703
1757015263.134184,109797.0,2.91778,bid,1757015262854
1757015263.134184,109798.0,4.59363,ask,1757015262854
1757015263.2798452,109797.0,2.63974,bid,1757015262999
1757015263.2798452,109798.0,4.59363,ask,1757015262999
1757015263.380228,109797.0,2.41404,bid,1757015263058
1757015263.380228,109798.0,4.59363,ask,1757015263058
1757015263.4576414,109797.0,2.41404,bid,1757015263143
1757015263.4576414,109798.0,5.14016,ask,1757015263143
1757015263.592381,109797.0,2.09174,bid,1757015263201
1757015263.592381,109798.0,6.50613,ask,1757015263201
1757015263.6539314,109797.0,2.00066,bid,1757015263336
1757015263.6539314,109798.0,7.52849,ask,1757015263336
1757015263.7302752,109797.0,1.09343,bid,1757015263474
1757015263.7302752,109798.0,7.52849,ask,1757015263474
1757015263.8111408,109797.0,3.37001,bid,1757015263500
1757015263.8111408,109798.0,2.32914,ask,1757015263500
1757015263.8916445,109797.0,3.37001,bid,1757015263658
1757015263.8916445,109798.0,2.87558,ask,1757015263658
1757015263.989734,109797.0,3.46108,bid,1757015263684
1757015263.989734,109798.0,2.47558,ask,1757015263684
1757015264.021472,109797.0,3.46108,bid,1757015263726
1757015264.021472,109798.0,3.38622,ask,1757015263726
1757015264.198958,109797.0,3.45767,bid,1757015263872
1757015264.198958,109798.0,2.47558,ask,1757015263872
1757015264.2634459,109797.0,3.45693,bid,1757015263948
1757015264.2634459,109798.0,2.47558,ask,1757015263948
1757015264.4391692,109797.0,3.46529,bid,1757015264053
1757015264.4391692,109798.0,2.47558,ask,1757015264053
1757015264.4583664,109797.0,3.46529,bid,1757015264126
1757015264.4583664,109798.0,3.38622,ask,1757015264126
1757015264.6812716,109797.0,3.46529,bid,1757015264394
1757015264.6812716,109798.0,2.3261,ask,1757015264394
1757015265.3748868,109797.0,3.47061,bid,1757015264689
1757015265.3748868,109798.0,2.3261,ask,1757015264689
1757015266.5706022,109797.0,3.46386,bid,1757015264875
1757015266.5706022,109798.0,2.34432,ask,1757015264875
1757015267.9973762,109797.0,3.91937,bid,1757015265227
1757015267.9973762,109798.0,2.33956,ask,1757015265227
1757015268.2832599,109797.0,3.46386,bid,1757015265360
1757015268.2832599,109798.0,3.34142,ask,1757015265360
1757015268.2837763,109797.0,3.45854,bid,1757015265562
1757015268.2837763,109798.0,3.35431,ask,1757015265562
1757015268.2837763,109797.0,3.45865,bid,1757015265688
1757015268.2837763,109798.0,1.86683,ask,1757015265688
1757015268.2837763,109797.0,4.55134,bid,1757015265834
1757015268.2837763,109798.0,1.99038,ask,1757015265834
1757015268.2843108,109797.0,4.55134,bid,1757015265949
1757015268.2843108,109798.0,1.85379,ask,1757015265949
1757015268.2979293,109797.0,4.54602,bid,1757015266230
1757015268.2979293,109798.0,2.77722,ask,1757015266230
1757015268.4571037,109797.0,4.54602,bid,1757015266381
1757015268.4571037,109798.0,1.86658,ask,1757015266381
1757015268.5251226,109797.0,6.80978,bid,1757015266586
1757015268.5251226,109798.0,1.86658,ask,1757015266586
1757015268.5251226,109797.0,7.27256,bid,1757015266782
1757015268.5251226,109798.0,1.36157,ask,1757015266782
1757015268.5251226,109797.0,3.92143,bid,1757015266904
1757015268.5251226,109798.0,1.36157,ask,1757015266904
1757015268.5251226,109797.0,3.91613,bid,1757015267065
1757015268.5251226,109798.0,2.69103,ask,1757015267065
1757015268.5890682,109797.0,3.45031,bid,1757015267188
1757015268.5890682,109798.0,2.63966,ask,1757015267188
1757015268.698258,109797.0,3.35924,bid,1757015267277
1757015268.698258,109798.0,5.7845,ask,1757015267277
1757015268.698258,109797.0,1.99327,bid,1757015267343
1757015268.698258,109798.0,7.15062,ask,1757015267343
1757015268.698258,109797.0,1.99327,bid,1757015267420
1757015268.698258,109798.0,7.69701,ask,1757015267420
1757015268.7661326,109797.0,1.53831,bid,1757015267487
1757015268.7661326,109798.0,7.69701,ask,1757015267487
1757015268.7666488,109797.0,0.62768,bid,1757015267590
1757015268.7666488,109798.0,7.74564,ask,1757015267590
1757015268.8009567,109797.0,0.57705,bid,1757015267791
1757015268.8009567,109798.0,7.79117,ask,1757015267791
1757015268.8009567,109797.0,0.57705,bid,1757015267888
1757015268.8009567,109798.0,8.10989,ask,1757015267888
1757015268.8332431,109797.0,0.57705,bid,1757015268395
1757015268.8332431,109798.0,8.84006,ask,1757015268395
1757015268.8924017,109797.0,0.83933,bid,1757015268452
1757015268.8924017,109798.0,8.84006,ask,1757015268452
1757015269.1811688,109797.0,0.83933,bid,1757015268660
1757015269.1811688,109798.0,8.85827,ask,1757015268660
1757015269.2492101,109797.0,0.9304,bid,1757015268923
1757015269.2492101,109798.0,8.46663,ask,1757015268923
1757015269.3331242,109797.0,1.84093,bid,1757015268976
1757015269.3331242,109798.0,7.10051,ask,1757015268976
1757015269.4161053,109797.0,1.84093,bid,1757015269029
1757015269.4161053,109798.0,7.09597,ask,1757015269029
1757015269.5246277,109797.0,1.84093,bid,1757015269149
1757015269.5246277,109798.0,6.77725,ask,1757015269149
1757015269.5329595,109797.0,1.84093,bid,1757015269222
1757015269.5329595,109798.0,6.23086,ask,1757015269222
1757015269.7602088,109797.0,1.84625,bid,1757015269430
1757015269.7602088,109798.0,6.04707,ask,1757015269430
1757015270.071255,109797.0,3.18995,bid,1757015269544
1757015270.071255,109798.0,2.48722,ask,1757015269544
1757015270.0749173,109797.0,4.47059,bid,1757015269632
1757015270.0749173,109798.0,0.83371,ask,1757015269632
1757015270.0749173,109797.0,7.20248,bid,1757015269754
1757015270.0749173,109798.0,0.25614,ask,1757015269754
1757015270.5290754,109797.0,14.16487,bid,1757015269799
1757015270.5290754,109798.0,0.25614,ask,1757015269799
1757015270.5290754,109797.0,18.54143,bid,1757015269957
1757015270.5290754,109798.0,0.23793,ask,1757015269957
1757015270.7124496,109797.0,18.91084,bid,1757015269999
1757015270.7124496,109798.0,0.21188,ask,1757015269999
1757015270.7502701,109797.0,19.25374,bid,1757015270310
1757015270.7502701,109798.0,0.20847,ask,1757015270310
1757015270.8754125,109797.0,20.4358,bid,1757015270588
1757015270.8754125,109798.0,0.20847,ask,1757015270588
1757015271.0245383,109797.0,21.1583,bid,1757015270637
1757015271.0245383,109798.0,0.20847,ask,1757015270637
1757015271.138891,109797.0,23.89023,bid,1757015270689
1757015271.138891,109798.0,0.20595,ask,1757015270689
1757015271.186752,109797.0,23.99431,bid,1757015270830
1757015271.186752,109798.0,0.20595,ask,1757015270830
1757015271.2023723,109797.0,24.0188,bid,1757015270884
1757015271.2023723,109798.0,0.20323,ask,1757015270884
1757015271.4299834,109797.0,24.00856,bid,1757015271043
1757015271.4299834,109798.0,0.20323,ask,1757015271043
1757015271.5071013,109797.0,24.22345,bid,1757015271115
1757015271.5071013,109799.0,0.00011,ask,1757015271115
1757015271.591137,109798.0,17.74362,bid,1757015271190
1757015271.591137,109799.0,0.00011,ask,1757015271190
1757015271.730354,109798.0,33.60073,bid,1757015271392
1757015271.730354,109799.0,0.00011,ask,1757015271392
1757015271.8084555,109798.0,38.91997,bid,1757015271486
1757015271.8084555,109799.0,0.00011,ask,1757015271486
1757015271.9056277,109798.0,53.44295,bid,1757015271594
1757015271.9056277,109799.0,0.00011,ask,1757015271594
1757015272.0203152,109798.0,36.43879,bid,1757015271677
1757015272.0203152,109799.0,0.00011,ask,1757015271677
1757015272.157593,109798.0,34.05239,bid,1757015271724
1757015272.157593,109799.0,0.00011,ask,1757015271724
1757015272.2505715,109800.0,9.59241,bid,1757015271881
1757015272.2505715,109809.0,0.00011,ask,1757015271881
1757015272.282163,109808.0,7.53701,bid,1757015271967
1757015272.282163,109809.0,0.00011,ask,1757015271967
1757015272.4424803,109808.0,7.86294,bid,1757015272016
1757015272.4424803,109809.0,0.00011,ask,1757015272016
1757015272.6388698,109808.0,13.96703,bid,1757015272184
1757015272.6388698,109809.0,0.00011,ask,1757015272184
1757015272.8307068,109808.0,16.60498,bid,1757015272258
1757015272.8307068,109809.0,0.00011,ask,1757015272258
1757015272.8319263,109808.0,44.84725,bid,1757015272381
1757015272.8319263,109810.0,0.00011,ask,1757015272381
1757015272.90255,109809.0,7.90769,bid,1757015272450
1757015272.90255,109811.0,0.00217,ask,1757015272450
1757015272.9596372,109810.0,3.5557,bid,1757015272603
1757015272.9596372,109811.0,0.00217,ask,1757015272603
1757015273.0113378,109810.0,5.60192,bid,1757015272675
1757015273.0113378,109811.0,0.00217,ask,1757015272675
1757015273.0885727,109810.0,20.13362,bid,1757015272788
1757015273.0885727,109811.0,0.00217,ask,1757015272788
1757015273.207226,109810.0,20.69136,bid,1757015272843
1757015273.207226,109811.0,0.00217,ask,1757015272843
1757015273.207226,109810.0,27.91587,bid,1757015272902
1757015273.207226,109811.0,0.00217,ask,1757015272902
1757015273.468961,109810.0,29.04942,bid,1757015273037
1757015273.468961,109811.0,0.00217,ask,1757015273037
1757015273.4801013,109810.0,26.16734,bid,1757015273192
1757015273.4801013,109811.0,0.00228,ask,1757015273192
1757015273.5578268,109810.0,24.07211,bid,1757015273295
1757015273.5578268,109811.0,0.00228,ask,1757015273295
1757015273.64756,109810.0,23.1184,bid,1757015273324
1757015273.64756,109811.0,0.00228,ask,1757015273324
1757015273.688339,109810.0,22.1184,bid,1757015273395
1757015273.688339,109811.0,0.00228,ask,1757015273395
1757015273.829075,109810.0,22.1184,bid,1757015273544
1757015273.829075,109811.0,0.00217,ask,1757015273544
1757015273.85851,109810.0,22.05721,bid,1757015273596
1757015273.85851,109811.0,0.20217,ask,1757015273596
1757015274.0257843,109810.0,22.51217,bid,1757015273740
1757015274.0257843,109811.0,0.20217,ask,1757015273740
1757015274.233354,109810.0,22.60324,bid,1757015273932
1757015274.233354,109811.0,0.20217,ask,1757015273932
1757015274.3174133,109810.0,22.73982,bid,1757015273994
1757015274.3174133,109811.0,0.20217,ask,1757015273994
1757015274.5217106,109810.0,23.47152,bid,1757015274196
1757015274.5217106,109811.0,0.20217,ask,1757015274196
1757015274.6826384,109810.0,23.99345,bid,1757015274409
1757015274.6826384,109811.0,0.20217,ask,1757015274409
1757015274.7807086,109810.0,23.75315,bid,1757015274501
1757015274.7807086,109811.0,0.199,ask,1757015274501
1757015275.0581553,109810.0,23.61657,bid,1757015274814
1757015275.0581553,109811.0,0.199,ask,1757015274814
1757015275.1413305,109810.0,23.85198,bid,1757015274877
1757015275.1413305,109811.0,0.199,ask,1757015274877
1757015275.1974258,109810.0,23.30566,bid,1757015274937
1757015275.1974258,109811.0,0.19572,ask,1757015274937
1757015275.6629708,109810.0,22.75934,bid,1757015275044
1757015275.6629708,109811.0,0.19561,ask,1757015275044
1757015275.9781399,109810.0,23.0668,bid,1757015275276
1757015275.9781399,109811.0,0.19561,ask,1757015275276
1757015275.9839659,109810.0,23.97347,bid,1757015275500
1757015275.9839659,109811.0,0.19561,ask,1757015275500
1757015275.9839659,109810.0,25.48713,bid,1757015275581
1757015275.9839659,109811.0,0.19561,ask,1757015275581
1757015276.0918667,109810.0,30.11787,bid,1757015275717
1757015276.0918667,109811.0,0.19561,ask,1757015275717
1757015276.1575792,109810.0,30.53787,bid,1757015275783
1757015276.1575792,109811.0,0.19561,ask,1757015275783
1757015276.179677,109810.0,30.9932,bid,1757015275836
1757015276.179677,109811.0,0.19561,ask,1757015275836
1757015276.2199602,109810.0,30.7932,bid,1757015275900
1757015276.2199602,109811.0,0.19561,ask,1757015275900
1757015276.5189786,109810.0,30.78484,bid,1757015276074
1757015276.5189786,109811.0,0.19561,ask,1757015276074
1757015276.5295522,109810.0,30.87591,bid,1757015276262
1757015276.5295522,109811.0,0.19561,ask,1757015276262
1757015276.6718743,109810.0,30.92541,bid,1757015276377
1757015276.6718743,109811.0,0.19561,ask,1757015276377
1757015276.7602212,109810.0,30.89012,bid,1757015276467
1757015276.7602212,109811.0,0.19561,ask,1757015276467
1757015277.0378683,109810.0,30.89229,bid,1757015276702
1757015277.0378683,109811.0,0.19561,ask,1757015276702
1757015277.5125601,109810.0,30.88749,bid,1757015277111
1757015277.5125601,109811.0,0.19561,ask,1757015277111
1757015277.5363212,109810.0,30.93182,bid,1757015277181
1757015277.5363212,109811.0,0.19561,ask,1757015277181
1757015277.6504495,109810.0,30.89585,bid,1757015277324
1757015277.6504495,109811.0,0.19561,ask,1757015277324
1757015278.0185757,109810.0,30.69478,bid,1757015277627
1757015278.0185757,109811.0,0.19561,ask,1757015277627
1757015278.11319,109810.0,29.32898,bid,1757015277724
1757015278.11319,109811.0,0.19561,ask,1757015277724
1757015278.1674294,109810.0,29.39975,bid,1757015277826
1757015278.1674294,109811.0,0.19561,ask,1757015277826
1757015278.3764539,109810.0,26.66417,bid,1757015278026
1757015278.3764539,109811.0,0.19561,ask,1757015278026
1757015278.7975066,109810.0,26.5934,bid,1757015278432
1757015278.7975066,109811.0,0.19561,ask,1757015278432
1757015279.4239419,109810.0,26.5934,bid,1757015279036
1757015279.4239419,109811.0,0.18652,ask,1757015279036
1757015279.4782863,109810.0,26.58504,bid,1757015279257
1757015279.4782863,109811.0,0.18652,ask,1757015279257
1757015279.7010424,109810.0,26.67611,bid,1757015279438
1757015279.7010424,109811.0,0.18652,ask,1757015279438
1757015279.7637978,109810.0,29.51775,bid,1757015279529
1757015279.7637978,109811.0,0.18652,ask,1757015279529
1757015279.8528187,109810.0,30.88357,bid,1757015279584
1757015279.8528187,109811.0,0.18652,ask,1757015279584
1757015280.15916,109810.0,30.89193,bid,1757015279843
1757015280.15916,109811.0,0.18652,ask,1757015279843
1757015280.255179,109810.0,30.92689,bid,1757015279992
1757015280.255179,109811.0,0.18652,ask,1757015279992
1757015280.7088902,109810.0,30.89193,bid,1757015280070
1757015280.7088902,109811.0,0.18652,ask,1757015280070
1757015280.973821,109810.0,30.78193,bid,1757015280564
1757015280.973821,109811.0,0.18652,ask,1757015280564
1757015281.0699737,109810.0,26.48326,bid,1757015280647
1757015281.0699737,109811.0,0.18652,ask,1757015280647
1757015281.4047403,109810.0,27.75584,bid,1757015281075
1757015281.4047403,109811.0,0.18652,ask,1757015281075
1757015281.6197574,109810.0,27.82655,bid,1757015281274
1757015281.6197574,109811.0,0.18652,ask,1757015281274
1757015281.7185974,109810.0,28.37287,bid,1757015281374
1757015281.7185974,109811.0,0.18652,ask,1757015281374
1757015281.818588,109810.0,28.32349,bid,1757015281450
1757015281.818588,109811.0,0.18652,ask,1757015281450
1757015282.0334222,109810.0,27.54176,bid,1757015281654
1757015282.0334222,109811.0,0.18652,ask,1757015281654
1757015282.1475077,109810.0,28.08808,bid,1757015281655
1757015282.1475077,109811.0,0.18652,ask,1757015281655
1757015282.235334,109810.0,28.17922,bid,1757015281850
1757015282.235334,109811.0,0.18652,ask,1757015281850
1757015282.4817743,109810.0,31.12211,bid,1757015282080
1757015282.4817743,109811.0,0.18176,ask,1757015282080
1757015282.6500697,109810.0,32.71268,bid,1757015282179
1757015282.6500697,109811.0,0.18176,ask,1757015282179
1757015283.0860333,109810.0,31.34686,bid,1757015282732
1757015283.0860333,109811.0,0.18176,ask,1757015282732
1757015283.144043,109810.0,31.43862,bid,1757015282780
1757015283.144043,109811.0,0.18176,ask,1757015282780
1757015283.166553,109810.0,32.80444,bid,1757015282886
1757015283.166553,109811.0,0.18176,ask,1757015282886
1757015283.4351583,109810.0,32.8128,bid,1757015283107
1757015283.4351583,109811.0,0.18176,ask,1757015283107
1757015283.690596,109810.0,32.72173,bid,1757015283366
1757015283.690596,109811.0,0.18176,ask,1757015283366
1757015283.790876,109810.0,32.75767,bid,1757015283494
1757015283.790876,109811.0,0.18176,ask,1757015283494
1757015284.1120164,109810.0,32.72173,bid,1757015283762
1757015284.1120164,109811.0,0.18176,ask,1757015283762
1757015284.3560991,109810.0,32.72173,bid,1757015284000
1757015284.3560991,109811.0,0.18142,ask,1757015284000
1757015284.5629525,109810.0,32.72173,bid,1757015284217
1757015284.5629525,109811.0,0.17721,ask,1757015284217
1757015284.6627538,109810.0,32.8128,bid,1757015284418
1757015284.6627538,109811.0,0.17721,ask,1757015284418
1757015284.8140259,109810.0,32.84735,bid,1757015284552
1757015284.8140259,109811.0,0.17721,ask,1757015284552
1757015285.0676057,109810.0,32.8128,bid,1757015284754
1757015285.0676057,109811.0,0.17721,ask,1757015284754
1757015285.1072223,109810.0,32.72173,bid,1757015284820
1757015285.1072223,109811.0,0.17721,ask,1757015284820
1757015285.3191028,109810.0,32.71323,bid,1757015285019
1757015285.3191028,109811.0,0.17721,ask,1757015285019
1757015285.8065789,109810.0,31.34741,bid,1757015285307
1757015285.8065789,109811.0,0.17721,ask,1757015285307
1757015286.059885,109810.0,32.89535,bid,1757015285699
1757015286.059885,109811.0,0.17721,ask,1757015285699
1757015286.1813402,109810.0,32.93011,bid,1757015285803
1757015286.1813402,109811.0,0.17721,ask,1757015285803
1757015286.405131,109810.0,32.89535,bid,1757015286007
1757015286.405131,109811.0,0.17721,ask,1757015286007
1757015286.5562854,109810.0,33.73994,bid,1757015286222
1757015286.5562854,109811.0,0.17721,ask,1757015286222
1757015286.6351185,109810.0,36.71493,bid,1757015286284
1757015286.6351185,109811.0,0.17721,ask,1757015286284
1757015286.8519378,109810.0,40.39952,bid,1757015286391
1757015286.8519378,109811.0,0.17721,ask,1757015286391
1757015286.8627205,109810.0,41.12749,bid,1757015286452
1757015286.8627205,109811.0,0.17721,ask,1757015286452
1757015286.942789,109810.0,41.8801,bid,1757015286557
1757015286.942789,109811.0,0.17721,ask,1757015286557
1757015287.1295936,109810.0,39.6976,bid,1757015286739
1757015287.1295936,109816.0,0.00011,ask,1757015286739
1757015287.1713386,109810.0,39.67314,bid,1757015286841
1757015287.1713386,109816.0,0.00011,ask,1757015286841
1757015287.3129208,109815.0,4.27562,bid,1757015286920
1757015287.3129208,109816.0,0.00011,ask,1757015286920
1757015287.4918368,109815.0,8.94127,bid,1757015287028
1757015287.4918368,109816.0,1e-05,ask,1757015287028
1757015287.6146417,109815.0,40.08011,bid,1757015287142
1757015287.6146417,109825.0,0.00011,ask,1757015287142
1757015287.7187853,109824.0,4.16463,bid,1757015287352
1757015287.7187853,109825.0,0.00011,ask,1757015287352
1757015287.7721488,109824.0,5.14302,bid,1757015287427
1757015287.7721488,109825.0,0.00011,ask,1757015287427
1757015287.8810089,109824.0,7.38239,bid,1757015287523
1757015287.8810089,109826.0,0.00011,ask,1757015287523
1757015288.0454571,109825.0,3.37662,bid,1757015287658
1757015288.0454571,109826.0,0.00011,ask,1757015287658
1757015288.1306446,109825.0,9.9928,bid,1757015287754
1757015288.1306446,109826.0,0.00011,ask,1757015287754
1757015288.191823,109825.0,15.5338,bid,1757015287820
1757015288.191823,109827.0,0.00011,ask,1757015287820
1757015288.4481978,109826.0,3.90062,bid,1757015287959
1757015288.4481978,109827.0,0.00011,ask,1757015287959
1757015288.5450008,109830.0,4.38648,bid,1757015288030
1757015288.5450008,109831.0,0.13244,ask,1757015288030
1757015288.5455248,109830.0,6.62693,bid,1757015288144
1757015288.5455248,109831.0,0.13244,ask,1757015288144
1757015288.687686,109830.0,15.09392,bid,1757015288256
1757015288.687686,109831.0,0.13244,ask,1757015288256
1757015288.728755,109830.0,16.4602,bid,1757015288416
1757015288.728755,109831.0,0.13244,ask,1757015288416
1757015288.8177116,109830.0,25.88855,bid,1757015288477
1757015288.8177116,109831.0,0.13244,ask,1757015288477
1757015288.927723,109830.0,33.19715,bid,1757015288632
1757015288.927723,109831.0,0.13244,ask,1757015288632
1757015288.9985273,109830.0,35.8535,bid,1757015288684
1757015288.9985273,109831.0,0.13244,ask,1757015288684
1757015289.156636,109830.0,36.8737,bid,1757015288783
1757015289.156636,109831.0,0.13255,ask,1757015288783
1757015289.275541,109830.0,34.18747,bid,1757015288856
1757015289.275541,109831.0,0.13255,ask,1757015288856
1757015289.3450613,109830.0,27.61349,bid,1757015288976
1757015289.3450613,109831.0,0.3062,ask,1757015288976
1757015289.5000508,109830.0,25.33365,bid,1757015289075
1757015289.5000508,109831.0,0.3062,ask,1757015289075
1757015289.6534777,109830.0,25.74878,bid,1757015289270
1757015289.6534777,109831.0,0.3062,ask,1757015289270
1757015289.740625,109830.0,25.37999,bid,1757015289391
1757015289.740625,109831.0,0.3062,ask,1757015289391
1757015289.7411454,109830.0,25.28279,bid,1757015289439
1757015289.7411454,109831.0,0.3062,ask,1757015289439
1757015290.0529747,109830.0,25.60838,bid,1757015289675
1757015290.0529747,109831.0,0.5062,ask,1757015289675
1757015290.2262068,109830.0,26.06334,bid,1757015289876
1757015290.2262068,109831.0,0.5062,ask,1757015289876
1757015290.316503,109830.0,28.36171,bid,1757015289976
1757015290.316503,109831.0,0.5062,ask,1757015289976
1757015290.860213,109830.0,34.23173,bid,1757015290185
1757015290.860213,109831.0,0.5062,ask,1757015290185
1757015291.2323878,109830.0,32.52862,bid,1757015290286
1757015291.2323878,109831.0,0.37376,ask,1757015290286
1757015291.2323878,109830.0,33.73809,bid,1757015290451
1757015291.2323878,109831.0,0.20011,ask,1757015290451
1757015291.5009959,109830.0,36.46921,bid,1757015290581
1757015291.5009959,109831.0,0.20011,ask,1757015290581
1757015291.5323892,109830.0,36.39859,bid,1757015290905
1757015291.5323892,109832.0,0.10011,ask,1757015290905
1757015291.6475315,109831.0,16.99611,bid,1757015290983
1757015291.6475315,109832.0,0.10011,ask,1757015290983
1757015291.6774566,109831.0,21.1189,bid,1757015291071
1757015291.6774566,109833.0,0.00011,ask,1757015291071
1757015291.6922338,109832.0,4.37859,bid,1757015291209
1757015291.6922338,109833.0,0.00011,ask,1757015291209
1757015291.8017642,109832.0,7.28512,bid,1757015291286
1757015291.8017642,109833.0,0.00011,ask,1757015291286
1757015291.9865067,109832.0,8.95938,bid,1757015291339
1757015291.9865067,109833.0,0.00011,ask,1757015291339
1757015291.9865067,109832.0,17.60973,bid,1757015291501
1757015291.9865067,109833.0,0.00011,ask,1757015291501
1757015292.0752282,109832.0,45.2669,bid,1757015291661
1757015292.0752282,109833.0,0.00011,ask,1757015291661
1757015292.1105,109832.0,42.32004,bid,1757015291736
1757015292.1105,109833.0,0.00011,ask,1757015291736
1757015292.2796674,109832.0,40.89838,bid,1757015291821
1757015292.2796674,109841.0,0.00018,ask,1757015291821
1757015292.4916637,109840.0,7.4665,bid,1757015292009
1757015292.4916637,109841.0,6e-05,ask,1757015292009
1757015292.5033395,109840.0,11.33966,bid,1757015292122
1757015292.5033395,109841.0,6e-05,ask,1757015292122
1757015292.5393438,109840.0,13.05256,bid,1757015292200
1757015292.5393438,109841.0,6e-05,ask,1757015292200
1757015292.6211224,109840.0,24.79981,bid,1757015292299
1757015292.6211224,109841.0,0.81922,ask,1757015292299
1757015292.7400105,109840.0,35.12145,bid,1757015292419
1757015292.7400105,109841.0,0.81922,ask,1757015292419
1757015292.9497025,109840.0,30.93971,bid,1757015292605
1757015292.9497025,109841.0,0.49473,ask,1757015292605
1757015292.9869962,109840.0,31.28255,bid,1757015292703
1757015292.9869962,109841.0,0.49473,ask,1757015292703
1757015293.1280587,109840.0,31.03255,bid,1757015292752
1757015293.1280587,109841.0,0.49473,ask,1757015292752
1757015293.1507018,109840.0,31.09235,bid,1757015292912
1757015293.1507018,109841.0,0.69473,ask,1757015292912
1757015293.281466,109840.0,35.18206,bid,1757015292965
1757015293.281466,109841.0,0.20011,ask,1757015292965
1757015293.3788106,109840.0,35.36414,bid,1757015293064
1757015293.3788106,109841.0,0.20011,ask,1757015293064
1757015293.5355136,109840.0,35.17955,bid,1757015293166
1757015293.5355136,109841.0,0.19874,ask,1757015293166
1757015293.5588923,109840.0,35.0885,bid,1757015293228
1757015293.5588923,109841.0,0.19874,ask,1757015293228
1757015293.5823765,109840.0,35.3589,bid,1757015293320
1757015293.5823765,109841.0,0.19874,ask,1757015293320
1757015293.7287598,109840.0,35.40442,bid,1757015293431
1757015293.7287598,109841.0,0.19874,ask,1757015293431
1757015294.0149994,109840.0,31.62733,bid,1757015293637
1757015294.0149994,109841.0,0.33528,ask,1757015293637
1757015294.0780268,109840.0,31.62733,bid,1757015293721
1757015294.0780268,109842.0,0.00011,ask,1757015293721
1757015294.2069497,109841.0,24.96989,bid,1757015293799
1757015294.2069497,109842.0,0.00011,ask,1757015293799
1757015294.3959105,109841.0,30.76101,bid,1757015293931
1757015294.3959105,109842.0,0.00011,ask,1757015293931
1757015294.4423108,109841.0,36.18887,bid,1757015294022
1757015294.4423108,109842.0,0.00011,ask,1757015294022
1757015294.6100214,109841.0,39.03615,bid,1757015294246
1757015294.6100214,109842.0,0.00011,ask,1757015294246
1757015294.695058,109841.0,19.19466,bid,1757015294431
1757015294.695058,109842.0,0.00011,ask,1757015294431
1757015294.907388,109841.0,17.48525,bid,1757015294551
1757015294.907388,109842.0,0.03116,ask,1757015294551
1757015294.9465625,109841.0,17.13187,bid,1757015294650
1757015294.9465625,109842.0,0.03116,ask,1757015294650
1757015294.988838,109841.0,19.78225,bid,1757015294720
1757015294.988838,109842.0,0.23116,ask,1757015294720
1757015295.1017637,109841.0,16.26376,bid,1757015294795
1757015295.1017637,109842.0,0.23116,ask,1757015294795
1757015295.1842725,109841.0,16.16951,bid,1757015294937
1757015295.1842725,109842.0,0.23116,ask,1757015294937
1757015295.2760763,109841.0,16.21503,bid,1757015294994
1757015295.2760763,109842.0,0.3677,ask,1757015294994
1757015295.467459,109841.0,16.21503,bid,1757015295163
1757015295.467459,109842.0,0.36294,ask,1757015295163
1757015295.903092,109841.0,16.72576,bid,1757015295256
1757015295.903092,109842.0,0.36183,ask,1757015295256
1757015296.2580476,109841.0,16.72576,bid,1757015295397
1757015296.2580476,109842.0,0.36182,ask,1757015295397
1757015296.258557,109841.0,18.94466,bid,1757015295538
1757015296.258557,109842.0,0.36182,ask,1757015295538
1757015296.383401,109841.0,19.1195,bid,1757015295660
1757015296.383401,109842.0,0.36182,ask,1757015295660
1757015296.51312,109841.0,17.3006,bid,1757015296059
1757015296.51312,109842.0,0.36182,ask,1757015296059
1757015296.6166852,109841.0,16.9006,bid,1757015296138
1757015296.6166852,109842.0,0.36182,ask,1757015296138
1757015296.9289382,109841.0,18.7195,bid,1757015296426
1757015296.9289382,109842.0,0.33665,ask,1757015296426
1757015297.1516092,109841.0,18.85329,bid,1757015296647
1757015297.1516092,109842.0,0.33665,ask,1757015296647
1757015297.5128775,109841.0,18.85329,bid,1757015297034
1757015297.5128775,109842.0,0.32708,ask,1757015297034
1757015297.6633887,109841.0,18.85329,bid,1757015297164
1757015297.6633887,109842.0,0.19054,ask,1757015297164
1757015297.732073,109841.0,21.76622,bid,1757015297452
1757015297.732073,109842.0,0.19054,ask,1757015297452
1757015297.8652315,109841.0,21.22005,bid,1757015297510
1757015297.8652315,109842.0,0.19054,ask,1757015297510
1757015298.1246295,109841.0,20.67388,bid,1757015297777
1757015298.1246295,109842.0,0.19054,ask,1757015297777
1757015298.277081,109841.0,4.7083,bid,1757015297864
1757015298.277081,109842.0,5.85998,ask,1757015297864
1757015298.2881875,109841.0,4.14562,bid,1757015297935
1757015298.2881875,109842.0,5.89114,ask,1757015297935
1757015298.4447267,109841.0,3.64036,bid,1757015298081
1757015298.4447267,109842.0,11.78836,ask,1757015298081
1757015298.5447292,109841.0,3.64036,bid,1757015298183
1757015298.5447292,109842.0,13.44431,ask,1757015298183
1757015298.6539059,109841.0,3.12605,bid,1757015298239
1757015298.6539059,109842.0,14.5726,ask,1757015298239
1757015298.7678108,109841.0,2.69397,bid,1757015298373
1757015298.7678108,109842.0,15.16132,ask,1757015298373
1757015298.8692608,109841.0,0.25,bid,1757015298569
1757015298.8692608,109842.0,19.03595,ask,1757015298569
1757015298.9059343,109836.0,0.00217,bid,1757015298620
1757015298.9059343,109842.0,19.17249,ask,1757015298620
1757015298.979353,109836.0,0.00217,bid,1757015298688
1757015298.979353,109837.0,8.1904,ask,1757015298688
1757015299.0622602,109836.0,0.00217,bid,1757015298746
1757015299.0622602,109837.0,14.82044,ask,1757015298746
1757015299.144982,109836.0,0.00217,bid,1757015298820
1757015299.144982,109837.0,18.57196,ask,1757015298820
1757015299.2401507,109836.0,0.00217,bid,1757015298893
1757015299.2401507,109837.0,21.30343,ask,1757015298893
1757015299.420575,109835.0,0.00217,bid,1757015298987
1757015299.420575,109836.0,2.24157,ask,1757015298987
1757015299.4247015,109835.0,0.00228,bid,1757015299060
1757015299.4247015,109836.0,5.67072,ask,1757015299060
1757015299.4619102,109835.0,0.00228,bid,1757015299129
1757015299.4619102,109836.0,24.47215,ask,1757015299129
1757015299.5763564,109835.0,0.00228,bid,1757015299268
1757015299.5763564,109836.0,55.32692,ask,1757015299268
1757015299.6425521,109835.0,0.00228,bid,1757015299369
1757015299.6425521,109836.0,75.96004,ask,1757015299369
1757015299.8742573,109835.0,0.00228,bid,1757015299423
1757015299.8742573,109836.0,84.50849,ask,1757015299423
1757015299.9492154,109835.0,0.00228,bid,1757015299499
1757015299.9492154,109836.0,94.32992,ask,1757015299499
1757015299.9492154,109835.0,0.00228,bid,1757015299601
1757015299.9492154,109836.0,84.71076,ask,1757015299601
1757015300.096854,109835.0,0.00011,bid,1757015299709
1757015300.096854,109836.0,40.49169,ask,1757015299709
1757015300.1058547,109835.0,0.00011,bid,1757015299800
1757015300.1058547,109836.0,44.54828,ask,1757015299800
1757015300.1679041,109835.0,0.00011,bid,1757015299850
1757015300.1679041,109836.0,45.51423,ask,1757015299850
1757015300.2639542,109833.0,0.00217,bid,1757015299909
1757015300.2639542,109836.0,47.52642,ask,1757015299909
1757015300.487023,109823.0,0.46579,bid,1757015300008
1757015300.487023,109834.0,2.53088,ask,1757015300008
1757015300.5370753,109823.0,0.46579,bid,1757015300087
1757015300.5370753,109824.0,1.39394,ask,1757015300087
1757015300.573975,109823.0,0.00011,bid,1757015300160
1757015300.573975,109824.0,2.42897,ask,1757015300160
1757015301.077292,109823.0,0.00011,bid,1757015300294
1757015301.077292,109824.0,2.71269,ask,1757015300294
1757015301.1765544,109823.0,0.00011,bid,1757015300383
1757015301.1765544,109824.0,10.97862,ask,1757015300383
1757015301.17708,109823.0,0.04609,bid,1757015300519
1757015301.17708,109824.0,18.49799,ask,1757015300519
1757015301.17708,109823.0,0.04609,bid,1757015300712
1757015301.17708,109824.0,19.22632,ask,1757015300712
1757015301.268055,109823.0,0.2282,bid,1757015300813
1757015301.268055,109824.0,20.42657,ask,1757015300813
1757015301.7150474,109823.0,0.67291,bid,1757015301020
1757015301.7150474,109824.0,19.39217,ask,1757015301020
1757015301.8208668,109823.0,0.21795,bid,1757015301220
1757015301.8208668,109824.0,18.93593,ask,1757015301220
1757015301.8208668,109823.0,0.21795,bid,1757015301274
1757015301.8208668,109824.0,18.55405,ask,1757015301274
1757015301.9284053,109823.0,0.21795,bid,1757015301521
1757015301.9284053,109824.0,18.30221,ask,1757015301521
1757015301.9798074,109823.0,0.21795,bid,1757015301596
1757015301.9798074,109824.0,17.34809,ask,1757015301596
1757015302.0356228,109823.0,0.21795,bid,1757015301713
1757015302.0356228,109824.0,15.93596,ask,1757015301713
1757015302.0946655,109823.0,0.18211,bid,1757015301831
1757015302.0946655,109824.0,15.74618,ask,1757015301831
1757015302.1678996,109823.0,0.18211,bid,1757015301884
1757015302.1678996,109824.0,15.49806,ask,1757015301884
1757015302.5650022,109823.0,0.23267,bid,1757015302105
1757015302.5650022,109824.0,15.90642,ask,1757015302105
1757015302.8366606,109823.0,0.23267,bid,1757015302526
1757015302.8366606,109824.0,15.88972,ask,1757015302526
1757015302.9034011,109823.0,0.68763,bid,1757015302648
1757015302.9034011,109824.0,15.48972,ask,1757015302648
1757015303.028592,109823.0,0.68774,bid,1757015302695
1757015303.028592,109824.0,15.48972,ask,1757015302695
1757015303.0415971,109823.0,0.68774,bid,1757015302750
1757015303.0415971,109824.0,15.68972,ask,1757015302750
1757015303.2835126,109823.0,0.23278,bid,1757015302948
1757015303.2835126,109824.0,16.08972,ask,1757015302948
1757015303.5529768,109823.0,0.18222,bid,1757015303132
1757015303.5529768,109824.0,20.64185,ask,1757015303132
1757015303.6740034,109823.0,0.18222,bid,1757015303332
1757015303.6740034,109824.0,20.59003,ask,1757015303332
1757015303.8027449,109823.0,0.18222,bid,1757015303535
1757015303.8027449,109824.0,20.19003,ask,1757015303535
1757015303.8417585,109823.0,0.18222,bid,1757015303587
1757015303.8417585,109824.0,19.73476,ask,1757015303587
1757015303.9874878,109823.0,0.18222,bid,1757015303719
1757015303.9874878,109824.0,15.18263,ask,1757015303719
1757015304.185438,109823.0,0.23943,bid,1757015303909
1757015304.185438,109824.0,15.18263,ask,1757015303909
1757015304.4555619,109823.0,0.23943,bid,1757015304151
1757015304.4555619,109824.0,15.17427,ask,1757015304151
1757015304.7911286,109823.0,0.18222,bid,1757015304349
1757015304.7911286,109824.0,19.72638,ask,1757015304349
1757015304.9439988,109823.0,0.18222,bid,1757015304750
1757015304.9439988,109824.0,17.00348,ask,1757015304750
1757015305.345027,109823.0,0.18222,bid,1757015305001
1757015305.345027,109824.0,17.00337,ask,1757015305001
1757015306.3937013,109823.0,0.18222,bid,1757015305979
1757015306.3937013,109824.0,15.18238,ask,1757015305979
1757015306.5592015,109823.0,0.18022,bid,1757015306150
1757015306.5592015,109824.0,15.18238,ask,1757015306150
1757015306.7142282,109823.0,0.18022,bid,1757015306430
1757015306.7142282,109824.0,15.18253,ask,1757015306430
1757015306.9531019,109823.0,0.18022,bid,1757015306687
1757015306.9531019,109824.0,15.17416,ask,1757015306687
1757015307.017285,109823.0,0.63668,bid,1757015306739
1757015307.017285,109824.0,15.17416,ask,1757015306739
1757015307.061631,109823.0,0.63668,bid,1757015306819
1757015307.061631,109824.0,15.10356,ask,1757015306819
1757015307.2659607,109823.0,2.91803,bid,1757015306944
1757015307.2659607,109824.0,6.96849,ask,1757015306944
1757015307.4256752,109823.0,10.86227,bid,1757015307014
1757015307.4256752,109824.0,4.96796,ask,1757015307014
1757015307.5375159,109823.0,11.43972,bid,1757015307173
1757015307.5375159,109824.0,4.42169,ask,1757015307173
1757015307.5883753,109823.0,13.8068,bid,1757015307291
1757015307.5883753,109824.0,1.74972,ask,1757015307291
1757015307.8245227,109823.0,14.48971,bid,1757015307493
1757015307.8245227,109824.0,1.75809,ask,1757015307493
1757015307.9440415,109823.0,14.48971,bid,1757015307593
1757015307.9440415,109824.0,1.4519,ask,1757015307593
1757015308.0606945,109823.0,12.8239,bid,1757015307693
1757015308.0606945,109824.0,0.92121,ask,1757015307693
1757015308.0612075,109823.0,15.50505,bid,1757015307775
1757015308.0612075,109824.0,0.85065,ask,1757015307775
1757015308.1965358,109823.0,15.70846,bid,1757015307837
1757015308.1965358,109824.0,0.85065,ask,1757015307837
1757015308.2542207,109823.0,17.07988,bid,1757015307995
1757015308.2542207,109824.0,0.85065,ask,1757015307995
1757015308.5161808,109823.0,18.93627,bid,1757015308047
1757015308.5161808,109824.0,0.20848,ask,1757015308047
1757015308.584202,109823.0,24.81601,bid,1757015308252
1757015308.584202,109824.0,0.20848,ask,1757015308252
1757015308.9060955,109823.0,28.99402,bid,1757015308566
1757015308.9060955,109824.0,0.20848,ask,1757015308566
1757015309.0249963,109823.0,31.7253,bid,1757015308664
1757015309.0249963,109825.0,0.00011,ask,1757015308664
1757015309.131952,109824.0,27.1747,bid,1757015308806
1757015309.131952,109826.0,0.00011,ask,1757015308806
1757015309.239956,109825.0,6.11974,bid,1757015308953
1757015309.239956,109826.0,0.00011,ask,1757015308953
1757015309.3762972,109832.0,5.61371,bid,1757015309012
1757015309.3762972,109833.0,0.06237,ask,1757015309012
1757015309.5608668,109832.0,8.97374,bid,1757015309164
1757015309.5608668,109833.0,0.06237,ask,1757015309164
1757015309.5663798,109832.0,18.90401,bid,1757015309216
1757015309.5663798,109833.0,0.06237,ask,1757015309216
1757015309.7458851,109832.0,25.83653,bid,1757015309393
1757015309.7458851,109833.0,0.06237,ask,1757015309393
1757015309.7897646,109832.0,38.97495,bid,1757015309451
1757015309.7897646,109833.0,0.08842,ask,1757015309451
1757015309.8588004,109832.0,36.94076,bid,1757015309503
1757015309.8588004,109833.0,0.08842,ask,1757015309503
1757015309.9969323,109832.0,43.06976,bid,1757015309603
1757015309.9969323,109833.0,0.08842,ask,1757015309603
1757015310.0789733,109832.0,44.53411,bid,1757015309727
1757015310.0789733,109833.0,0.08842,ask,1757015309727
1757015310.2164016,109832.0,41.33282,bid,1757015309783
1757015310.2164016,109833.0,0.08842,ask,1757015309783
1757015310.2485986,109832.0,40.8481,bid,1757015309906
1757015310.2485986,109833.0,0.08853,ask,1757015309906
1757015310.3334336,109832.0,31.05926,bid,1757015309986
1757015310.3334336,109833.0,0.08853,ask,1757015309986
1757015310.4220986,109832.0,31.05926,bid,1757015310107
1757015310.4220986,109833.0,0.02616,ask,1757015310107
1757015310.4617734,109832.0,32.8458,bid,1757015310178
1757015310.4617734,109833.0,0.02616,ask,1757015310178
1757015310.5668097,109832.0,32.89132,bid,1757015310240
1757015310.5668097,109833.0,0.02616,ask,1757015310240
1757015311.1186035,109832.0,32.07184,bid,1757015310386
1757015311.1186035,109833.0,0.02616,ask,1757015310386
1757015311.4242206,109832.0,34.34803,bid,1757015311034
1757015311.4242206,109833.0,0.22616,ask,1757015311034
1757015311.9264548,109832.0,33.52853,bid,1757015311611
1757015311.9264548,109833.0,0.22616,ask,1757015311611
1757015312.0481896,109832.0,33.84968,bid,1757015311728
1757015312.0481896,109833.0,0.22616,ask,1757015311728
1757015312.2425442,109832.0,33.66927,bid,1757015311850
1757015312.2425442,109833.0,0.22616,ask,1757015311850
1757015312.4481182,109832.0,33.66889,bid,1757015312051
1757015312.4481182,109833.0,0.22139,ask,1757015312051
1757015312.5242407,109832.0,33.84322,bid,1757015312129
1757015312.5242407,109833.0,0.22139,ask,1757015312129
1757015312.5323577,109832.0,33.79383,bid,1757015312228
1757015312.5323577,109833.0,0.22139,ask,1757015312228
1757015312.633299,109832.0,33.40871,bid,1757015312307
1757015312.633299,109843.0,3.02024,ask,1757015312307
1757015312.7186015,109842.0,3.45977,bid,1757015312358
1757015312.7186015,109843.0,3.02024,ask,1757015312358
1757015312.841821,109842.0,3.6112,bid,1757015312455
1757015312.841821,109843.0,3.02024,ask,1757015312455
1757015313.0536044,109842.0,3.97524,bid,1757015312658
1757015313.0536044,109843.0,4.45047,ask,1757015312658
1757015313.367745,109842.0,3.97524,bid,1757015312853
1757015313.367745,109843.0,4.66295,ask,1757015312853
1757015313.368802,109842.0,3.97534,bid,1757015312933
1757015313.368802,109843.0,5.02718,ask,1757015312933
1757015313.419176,109842.0,3.97534,bid,1757015313007
1757015313.419176,109843.0,5.14044,ask,1757015313007
1757015313.420685,109842.0,4.52158,bid,1757015313064
1757015313.420685,109843.0,3.41088,ask,1757015313064
1757015313.4605336,109842.0,10.45612,bid,1757015313135
1757015313.4605336,109843.0,3.63088,ask,1757015313135
1757015313.6422474,109842.0,12.73211,bid,1757015313267
1757015313.6422474,109843.0,3.8836,ask,1757015313267
1757015313.856868,109842.0,14.24685,bid,1757015313467
1757015313.856868,109843.0,2.57872,ask,1757015313467
1757015313.9307096,109842.0,5.65894,bid,1757015313537
1757015313.9307096,109843.0,1.91532,ask,1757015313537
1757015314.0063827,109842.0,5.65894,bid,1757015313636
1757015314.0063827,109843.0,1.80206,ask,1757015313636
1757015314.0147774,109842.0,6.2051,bid,1757015313695
1757015314.0147774,109843.0,1.80206,ask,1757015313695
1757015314.0330536,109842.0,6.2363,bid,1757015313776
1757015314.0330536,109843.0,1.45576,ask,1757015313776
1757015314.0687177,109842.0,6.2363,bid,1757015313864
1757015314.0687177,109843.0,1.42542,ask,1757015313864
1757015314.248378,109842.0,8.98118,bid,1757015313927
1757015314.248378,109843.0,1.49595,ask,1757015313927
1757015314.3463998,109842.0,8.98118,bid,1757015314016
1757015314.3463998,109843.0,1.4956,ask,1757015314016
1757015314.5132926,109842.0,8.98118,bid,1757015314256
1757015314.5132926,109843.0,1.52594,ask,1757015314256
1757015314.5631835,109842.0,11.80341,bid,1757015314309
1757015314.5631835,109843.0,1.52594,ask,1757015314309
1757015314.632231,109842.0,17.7241,bid,1757015314385
1757015314.632231,109843.0,1.52594,ask,1757015314385
1757015314.7611997,109842.0,20.45482,bid,1757015314508
1757015314.7611997,109843.0,1.52594,ask,1757015314508
1757015315.314757,109842.0,20.45482,bid,1757015314945
1757015315.314757,109843.0,1.45541,ask,1757015314945
1757015315.481264,109842.0,21.00077,bid,1757015315063
1757015315.481264,109843.0,1.45541,ask,1757015315063
1757015316.4380546,109842.0,21.45573,bid,1757015315482
1757015316.4380546,109843.0,1.34541,ask,1757015315482
1757015316.6837988,109842.0,24.18653,bid,1757015315844
1757015316.6837988,109843.0,1.34541,ask,1757015315844
1757015316.6916614,109842.0,24.18653,bid,1757015316088
1757015316.6916614,109843.0,1.31507,ask,1757015316088
1757015316.6921895,109842.0,21.28695,bid,1757015316207
1757015316.6921895,109843.0,1.29237,ask,1757015316207
1757015316.8643749,109842.0,18.92035,bid,1757015316358
1757015316.8643749,109843.0,1.53891,ask,1757015316358
1757015316.9222465,109842.0,15.59791,bid,1757015316434
1757015316.9222465,109843.0,1.64891,ask,1757015316434
1757015316.9413984,109842.0,13.59525,bid,1757015316578
1757015316.9413984,109843.0,6.4465,ask,1757015316578
1757015317.002201,109842.0,11.31937,bid,1757015316638
1757015317.002201,109843.0,7.88248,ask,1757015316638
1757015317.2282526,109842.0,11.26105,bid,1757015316779
1757015317.2282526,109843.0,7.91282,ask,1757015316779
1757015317.4394886,109842.0,5.34036,bid,1757015316831
1757015317.4394886,109843.0,7.91282,ask,1757015316831
1757015317.4394886,109842.0,5.51525,bid,1757015316982
1757015317.4394886,109843.0,7.91282,ask,1757015316982
1757015317.4504356,109842.0,5.51525,bid,1757015317098
1757015317.4504356,109843.0,7.91272,ask,1757015317098
1757015317.488364,109842.0,4.44949,bid,1757015317221
1757015317.488364,109843.0,8.62263,ask,1757015317221
1757015317.5531888,109842.0,4.13149,bid,1757015317282
1757015317.5531888,109843.0,9.16893,ask,1757015317282
1757015317.6709387,109842.0,3.50076,bid,1757015317334
1757015317.6709387,109843.0,9.53315,ask,1757015317334
1757015317.7070882,109842.0,3.40973,bid,1757015317449
1757015317.7070882,109843.0,9.93315,ask,1757015317449
1757015317.8135772,109842.0,3.59179,bid,1757015317516
1757015317.8135772,109843.0,9.8973,ask,1757015317516
1757015317.9312599,109842.0,4.86928,bid,1757015317655
1757015317.9312599,109843.0,9.8973,ask,1757015317655
1757015318.0854518,109842.0,4.36928,bid,1757015317786
1757015318.0854518,109843.0,9.8973,ask,1757015317786
1757015318.2276409,109842.0,2.92277,bid,1757015317850
1757015318.2276409,109843.0,10.2973,ask,1757015317850
1757015318.2616916,109842.0,1.55556,bid,1757015317924
1757015318.2616916,109843.0,10.28442,ask,1757015317924
1757015318.3601794,109842.0,2.21583,bid,1757015318051
1757015318.3601794,109843.0,7.30339,ask,1757015318051
1757015318.402037,109842.0,2.22114,bid,1757015318132
1757015318.402037,109843.0,6.90339,ask,1757015318132
1757015318.5172508,109842.0,3.08655,bid,1757015318188
1757015318.5172508,109843.0,6.90339,ask,1757015318188
1757015318.5849595,109842.0,2.1839,bid,1757015318281
1757015318.5849595,109843.0,6.78335,ask,1757015318281
1757015318.7499516,109842.0,1.88451,bid,1757015318389
1757015318.7499516,109843.0,6.78335,ask,1757015318389
1757015318.8375227,109842.0,1.88451,bid,1757015318518
1757015318.8375227,109843.0,7.08907,ask,1757015318518
1757015318.898988,109842.0,1.88982,bid,1757015318590
1757015318.898988,109843.0,7.09743,ask,1757015318590
1757015319.0239086,109842.0,1.88982,bid,1757015318729
1757015319.0239086,109843.0,4.36662,ask,1757015318729
1757015319.1365602,109842.0,7.94311,bid,1757015318872
1757015319.1365602,109843.0,2.80155,ask,1757015318872
1757015319.2385714,109842.0,10.17155,bid,1757015318940
1757015319.2385714,109843.0,2.05463,ask,1757015318940
1757015319.3415563,109842.0,17.95744,bid,1757015318994
1757015319.3415563,109843.0,2.05463,ask,1757015318994
1757015319.390809,109842.0,19.32021,bid,1757015319077
1757015319.390809,109843.0,1.32625,ask,1757015319077
1757015319.4660435,109842.0,19.32362,bid,1757015319136
1757015319.4660435,109843.0,0.21188,ask,1757015319136
1757015319.6958933,109842.0,18.64093,bid,1757015319395
1757015319.6958933,109843.0,0.28245,ask,1757015319395
1757015319.8216913,109842.0,19.9153,bid,1757015319500
1757015319.8216913,109843.0,0.28245,ask,1757015319500
1757015319.9016647,109842.0,20.3046,bid,1757015319552
1757015319.9016647,109843.0,0.27904,ask,1757015319552
1757015319.9299664,109842.0,20.3096,bid,1757015319627
1757015319.9299664,109843.0,0.27904,ask,1757015319627
1757015320.1360757,109842.0,24.89677,bid,1757015319850
1757015320.1360757,109843.0,0.27904,ask,1757015319850
1757015320.2028992,109842.0,24.95521,bid,1757015319902
1757015320.2028992,109843.0,0.20847,ask,1757015319902
1757015320.4751012,109842.0,25.15521,bid,1757015320059
1757015320.4751012,109843.0,0.20847,ask,1757015320059
1757015320.5382936,109842.0,25.15862,bid,1757015320181
1757015320.5382936,109843.0,0.20847,ask,1757015320181
1757015320.6907568,109842.0,25.16079,bid,1757015320401
1757015320.6907568,109843.0,0.27909,ask,1757015320401
1757015320.775975,109842.0,25.0698,bid,1757015320482
1757015320.775975,109843.0,0.27909,ask,1757015320482
1757015321.3145783,109842.0,25.0698,bid,1757015320553
1757015321.3145783,109843.0,0.27073,ask,1757015320553
1757015321.6393902,109842.0,25.06968,bid,1757015321066
1757015321.6393902,109843.0,0.27073,ask,1757015321066
1757015321.6393902,109842.0,25.4373,bid,1757015321267
1757015321.6393902,109843.0,0.27073,ask,1757015321267
1757015321.853406,109842.0,25.48278,bid,1757015321369
1757015321.853406,109843.0,0.27073,ask,1757015321369
1757015322.3088033,109842.0,25.57377,bid,1757015321817
1757015322.3088033,109843.0,0.27073,ask,1757015321817
1757015322.4864776,109842.0,25.57377,bid,1757015322026
1757015322.4864776,109843.0,0.27062,ask,1757015322026
1757015322.4988952,109842.0,25.77377,bid,1757015322182
1757015322.4988952,109843.0,0.27062,ask,1757015322182
1757015322.6076498,109842.0,26.14093,bid,1757015322226
1757015322.6076498,109843.0,0.2,ask,1757015322226
1757015322.6256635,109842.0,25.94093,bid,1757015322281
1757015322.6256635,109843.0,0.2,ask,1757015322281
1757015322.7794132,109842.0,26.05093,bid,1757015322503
1757015322.7794132,109843.0,0.2,ask,1757015322503
1757015322.9827507,109842.0,26.16093,bid,1757015322630
1757015322.9827507,109843.0,0.2,ask,1757015322630
1757015323.067825,109842.0,27.12948,bid,1757015322701
1757015323.067825,109843.0,0.2,ask,1757015322701
1757015323.2009764,109842.0,28.04991,bid,1757015322791
1757015323.2009764,109843.0,0.2,ask,1757015322791
1757015323.2798622,109842.0,28.59607,bid,1757015322856
1757015323.2798622,109843.0,0.2,ask,1757015322856
1757015323.4631147,109842.0,31.87308,bid,1757015323041
1757015323.4631147,109843.0,0.2,ask,1757015323041
1757015323.5481598,109842.0,25.36037,bid,1757015323149
1757015323.5481598,109843.0,0.2,ask,1757015323149
1757015323.572765,109842.0,22.20566,bid,1757015323271
1757015323.572765,109843.0,0.2,ask,1757015323271
1757015323.6731958,109842.0,22.00566,bid,1757015323400
1757015323.6731958,109843.0,0.70076,ask,1757015323400
1757015323.8099847,109842.0,21.00852,bid,1757015323447
1757015323.8099847,109843.0,0.89517,ask,1757015323447
1757015323.8481812,109842.0,20.82645,bid,1757015323496
1757015323.8481812,109843.0,1.07725,ask,1757015323496
1757015323.904196,109842.0,20.82645,bid,1757015323590
1757015323.904196,109843.0,0.94071,ask,1757015323590
1757015324.131553,109842.0,13.96275,bid,1757015323756
1757015324.131553,109843.0,1.38725,ask,1757015323756
1757015324.239334,109842.0,6.62011,bid,1757015323853
1757015324.239334,109843.0,7.14139,ask,1757015323853
1757015324.3814244,109842.0,0.59428,bid,1757015323961
1757015324.3814244,109843.0,14.93441,ask,1757015323961
1757015324.555193,109842.0,0.50272,bid,1757015324055
1757015324.555193,109843.0,18.02449,ask,1757015324055
1757015324.634133,109842.0,0.00228,bid,1757015324203
1757015324.634133,109843.0,15.65784,ask,1757015324203
1757015324.9937117,109842.0,0.00011,bid,1757015324569
1757015324.9937117,109843.0,13.5643,ask,1757015324569
1757015325.093908,109842.0,0.00011,bid,1757015324659
1757015325.093908,109843.0,13.56418,ask,1757015324659
1757015325.1214943,109841.0,0.00217,bid,1757015324767
1757015325.1214943,109843.0,16.31324,ask,1757015324767
1757015325.1337936,109841.0,0.00217,bid,1757015324860
1757015325.1337936,109842.0,29.5068,ask,1757015324860
1757015325.2439334,109841.0,0.00217,bid,1757015324913
1757015325.2439334,109842.0,52.70174,ask,1757015324913
1757015325.481375,109841.0,0.00217,bid,1757015325061
1757015325.481375,109842.0,90.33716,ask,1757015325061
1757015325.5732522,109841.0,0.00217,bid,1757015325122
1757015325.5732522,109842.0,96.54593,ask,1757015325122
1757015325.5850575,109841.0,0.00217,bid,1757015325190
1757015325.5850575,109842.0,73.39725,ask,1757015325190
1757015325.585602,109841.0,0.00217,bid,1757015325262
1757015325.585602,109842.0,50.47331,ask,1757015325262
1757015325.5916312,109841.0,0.00217,bid,1757015325326
1757015325.5916312,109842.0,37.45243,ask,1757015325326
1757015325.6535404,109841.0,0.00217,bid,1757015325388
1757015325.6535404,109842.0,39.29034,ask,1757015325388
1757015325.794475,109841.0,0.00228,bid,1757015325464
1757015325.794475,109842.0,36.87049,ask,1757015325464
1757015325.908799,109841.0,0.00011,bid,1757015325523
1757015325.908799,109842.0,35.2637,ask,1757015325523
1757015326.345129,109841.0,0.00011,bid,1757015325601
1757015326.345129,109842.0,37.8441,ask,1757015325601
1757015326.632472,109841.0,0.00011,bid,1757015325674
1757015326.632472,109842.0,37.20209,ask,1757015325674
1757015326.6329925,109841.0,0.00011,bid,1757015325855
1757015326.6329925,109842.0,40.11875,ask,1757015325855
1757015326.6329925,109841.0,0.00011,bid,1757015326078
1757015326.6329925,109842.0,40.67079,ask,1757015326078
1757015326.7966473,109841.0,0.00011,bid,1757015326279
1757015326.7966473,109842.0,41.10326,ask,1757015326279
1757015326.8397486,109841.0,0.00011,bid,1757015326464
1757015326.8397486,109842.0,41.5605,ask,1757015326464
1757015326.9156213,109841.0,0.00011,bid,1757015326523
1757015326.9156213,109842.0,41.66792,ask,1757015326523
1757015327.0349426,109839.0,0.00011,bid,1757015326609
1757015327.0349426,109842.0,41.66792,ask,1757015326609
1757015327.0582638,109839.0,0.00011,bid,1757015326680
1757015327.0582638,109840.0,32.00336,ask,1757015326680
1757015327.0799398,109839.0,0.00011,bid,1757015326809
1757015327.0799398,109840.0,40.43435,ask,1757015326809
1757015327.1774113,109839.0,0.00011,bid,1757015326815
1757015327.1774113,109840.0,45.08695,ask,1757015326815
1757015327.4349086,109839.0,0.00011,bid,1757015326996
1757015327.4349086,109840.0,51.30212,ask,1757015326996
1757015327.4610465,109839.0,0.00011,bid,1757015327118
1757015327.4610465,109840.0,62.16997,ask,1757015327118
1757015327.6212611,109839.0,0.00011,bid,1757015327213
1757015327.6212611,109840.0,44.04897,ask,1757015327213
1757015327.8894758,109839.0,0.00011,bid,1757015327412
1757015327.8894758,109840.0,45.10621,ask,1757015327412
1757015328.12719,109839.0,0.00011,bid,1757015327582
1757015328.12719,109840.0,41.77848,ask,1757015327582
1757015328.1284091,109838.0,0.00011,bid,1757015327687
1757015328.1284091,109840.0,41.89456,ask,1757015327687
1757015328.1772656,109836.0,0.00011,bid,1757015327811
1757015328.1772656,109839.0,57.32271,ask,1757015327811
1757015328.2127538,109829.0,0.00011,bid,1757015327957
1757015328.2127538,109830.0,3.51852,ask,1757015327957
1757015328.2918813,109829.0,0.00011,bid,1757015328022
1757015328.2918813,109830.0,4.12275,ask,1757015328022
1757015328.3932045,109829.0,0.00011,bid,1757015328090
1757015328.3932045,109830.0,4.91919,ask,1757015328090
1757015328.505464,109829.0,0.00011,bid,1757015328168
1757015328.505464,109830.0,5.57979,ask,1757015328168
1757015328.556703,109829.0,0.00011,bid,1757015328223
1757015328.556703,109830.0,16.75389,ask,1757015328223
1757015328.6140177,109828.0,0.00011,bid,1757015328291
1757015328.6140177,109830.0,20.77929,ask,1757015328291
1757015328.6631625,109827.0,0.00011,bid,1757015328378
1757015328.6631625,109829.0,5.93251,ask,1757015328378
1757015328.7376914,109827.0,0.00011,bid,1757015328461
1757015328.7376914,109828.0,6.27442,ask,1757015328461
1757015328.7972205,109827.0,0.00011,bid,1757015328522
1757015328.7972205,109828.0,10.92317,ask,1757015328522
1757015328.9347367,109827.0,0.00011,bid,1757015328599
1757015328.9347367,109828.0,13.23091,ask,1757015328599
1757015329.052484,109827.0,0.00011,bid,1757015328676
1757015329.052484,109828.0,23.88017,ask,1757015328676
1757015329.0959575,109827.0,0.00011,bid,1757015328747
1757015329.0959575,109828.0,27.35888,ask,1757015328747
1757015329.137228,109827.0,0.00011,bid,1757015328850
1757015329.137228,109828.0,23.2677,ask,1757015328850
1757015329.2137487,109827.0,0.00011,bid,1757015328944
1757015329.2137487,109828.0,20.88062,ask,1757015328944
1757015329.3220932,109827.0,0.00011,bid,1757015329013
1757015329.3220932,109828.0,18.60172,ask,1757015329013
1757015329.371855,109827.0,0.00011,bid,1757015329070
1757015329.371855,109828.0,17.97383,ask,1757015329070
1757015329.458752,109826.0,0.00011,bid,1757015329145
1757015329.458752,109828.0,17.97403,ask,1757015329145
1757015329.5848193,109823.0,0.9488,bid,1757015329225
1757015329.5848193,109827.0,8.2761,ask,1757015329225
1757015329.6613028,109823.0,0.9488,bid,1757015329300
1757015329.6613028,109824.0,6.02366,ask,1757015329300
1757015329.7641912,109823.0,0.9488,bid,1757015329423
1757015329.7641912,109824.0,11.21074,ask,1757015329423
1757015329.7982104,109823.0,0.94891,bid,1757015329500
1757015329.7982104,109824.0,12.7687,ask,1757015329500
1757015329.8862307,109823.0,0.99526,bid,1757015329623
1757015329.8862307,109824.0,12.14098,ask,1757015329623
1757015329.9988477,109823.0,2.50779,bid,1757015329676
1757015329.9988477,109824.0,14.78513,ask,1757015329676
1757015330.1833522,109823.0,2.7354,bid,1757015329829
1757015330.1833522,109824.0,14.08122,ask,1757015329829
1757015330.2087297,109823.0,2.87418,bid,1757015329892
1757015330.2087297,109824.0,13.65176,ask,1757015329892
1757015330.547806,109823.0,2.87418,bid,1757015330076
1757015330.547806,109824.0,12.14962,ask,1757015330076
1757015330.5592825,109823.0,1.37198,bid,1757015330241
1757015330.5592825,109824.0,10.66729,ask,1757015330241
1757015330.7266114,109823.0,1.23851,bid,1757015330304
1757015330.7266114,109824.0,11.63613,ask,1757015330304
1757015330.7266114,109823.0,1.2332,bid,1757015330439
1757015330.7266114,109824.0,11.97269,ask,1757015330439
1757015331.256703,109823.0,1.2332,bid,1757015330640
1757015331.256703,109824.0,11.09326,ask,1757015330640
1757015331.6017053,109823.0,3.20139,bid,1757015330787
1757015331.6017053,109824.0,13.14189,ask,1757015330787
1757015331.6017053,109823.0,2.29098,bid,1757015330954
1757015331.6017053,109824.0,19.55075,ask,1757015330954
1757015331.6220462,109823.0,3.19117,bid,1757015331129
1757015331.6220462,109824.0,16.41945,ask,1757015331129
1757015331.7275674,109823.0,2.28074,bid,1757015331263
1757015331.7275674,109824.0,16.41945,ask,1757015331263
1757015331.8296208,109823.0,2.28074,bid,1757015331324
1757015331.8296208,109824.0,16.40124,ask,1757015331324
1757015331.885217,109823.0,2.28074,bid,1757015331420
1757015331.885217,109824.0,19.13253,ask,1757015331420
1757015331.9080396,109823.0,0.67348,bid,1757015331595
1757015331.9080396,109824.0,19.13253,ask,1757015331595
1757015332.007875,109823.0,0.17515,bid,1757015331688
1757015332.007875,109824.0,19.53253,ask,1757015331688
1757015332.0520716,109823.0,0.17515,bid,1757015331738
1757015332.0520716,109824.0,19.55074,ask,1757015331738
1757015332.785342,109823.0,1.09089,bid,1757015332292
1757015332.785342,109824.0,15.73648,ask,1757015332292
1757015332.8442101,109823.0,1.09089,bid,1757015332475
1757015332.8442101,109824.0,13.57904,ask,1757015332475
1757015332.8598392,109823.0,1.08558,bid,1757015332543
1757015332.8598392,109824.0,13.57904,ask,1757015332543
1757015332.944769,109823.0,4.00739,bid,1757015332643
1757015332.944769,109824.0,9.9373,ask,1757015332643
1757015332.9886556,109823.0,7.35864,bid,1757015332701
1757015332.9886556,109824.0,9.86676,ask,1757015332701
1757015333.1175,109823.0,7.58625,bid,1757015332851
1757015333.1175,109824.0,9.86676,ask,1757015332851
1757015333.2369628,109823.0,7.71985,bid,1757015332912
1757015333.2369628,109824.0,9.86676,ask,1757015332912
1757015333.3904207,109823.0,7.5886,bid,1757015333047
1757015333.3904207,109824.0,9.86676,ask,1757015333047
1757015333.4031827,109823.0,6.22296,bid,1757015333119
1757015333.4031827,109824.0,9.85289,ask,1757015333119
1757015333.5820355,109823.0,4.26688,bid,1757015333283
1757015333.5820355,109824.0,9.86125,ask,1757015333283
1757015333.6639476,109823.0,3.19201,bid,1757015333400
1757015333.6639476,109824.0,9.86136,ask,1757015333400
1757015333.7703803,109823.0,1.37072,bid,1757015333464
1757015333.7703803,109824.0,10.89014,ask,1757015333464
1757015333.9338548,109823.0,2.60276,bid,1757015333665
1757015333.9338548,109824.0,10.89014,ask,1757015333665
1757015333.984103,109823.0,2.59745,bid,1757015333733
1757015333.984103,109824.0,10.89014,ask,1757015333733
1757015334.0300956,109823.0,2.59745,bid,1757015333821
1757015334.0300956,109824.0,10.90303,ask,1757015333821
1757015334.1310766,109823.0,3.05414,bid,1757015333865
1757015334.1310766,109824.0,10.94855,ask,1757015333865
1757015334.3837297,109823.0,3.05414,bid,1757015334064
1757015334.3837297,109824.0,9.90156,ask,1757015334064
1757015334.4618483,109823.0,3.05414,bid,1757015334228
1757015334.4618483,109824.0,9.85604,ask,1757015334228
1757015334.6772032,109823.0,3.18778,bid,1757015334336
1757015334.6772032,109824.0,9.85604,ask,1757015334336
1757015334.8728406,109823.0,2.73109,bid,1757015334595
1757015334.8728406,109824.0,9.85604,ask,1757015334595
1757015335.1704943,109823.0,2.73109,bid,1757015334871
1757015335.1704943,109824.0,10.90302,ask,1757015334871
1757015335.2913122,109823.0,2.73109,bid,1757015335038
1757015335.2913122,109824.0,10.94843,ask,1757015335038
1757015335.4011006,109823.0,2.73109,bid,1757015335093
1757015335.4011006,109824.0,10.80351,ask,1757015335093
1757015335.4746554,109823.0,2.73109,bid,1757015335242
1757015335.4746554,109824.0,10.80352,ask,1757015335242
1757015335.5485694,109823.0,2.73109,bid,1757015335296
1757015335.5485694,109824.0,10.94008,ask,1757015335296
1757015335.6049085,109823.0,3.18637,bid,1757015335358
1757015335.6049085,109824.0,10.94008,ask,1757015335358
1757015335.6758738,109823.0,5.46275,bid,1757015335430
1757015335.6758738,109824.0,10.16621,ask,1757015335430
1757015335.784326,109823.0,4.09711,bid,1757015335490
1757015335.784326,109824.0,10.94007,ask,1757015335490
1757015335.7973628,109823.0,5.81864,bid,1757015335560
1757015335.7973628,109824.0,10.94007,ask,1757015335560
1757015335.8756537,109823.0,4.45301,bid,1757015335610
1757015335.8756537,109824.0,10.94007,ask,1757015335610
1757015336.2448442,109823.0,4.45301,bid,1757015335691
1757015336.2448442,109824.0,11.00352,ask,1757015335691
1757015336.5766754,109823.0,4.52585,bid,1757015335849
1757015336.5766754,109824.0,11.14844,ask,1757015335849
1757015336.577203,109823.0,3.48178,bid,1757015336097
1757015336.577203,109824.0,13.60661,ask,1757015336097
1757015336.577203,109823.0,3.2242,bid,1757015336162
1757015336.577203,109824.0,16.33804,ask,1757015336162
1757015336.7042966,109823.0,0.40149,bid,1757015336351
1757015336.7042966,109824.0,16.40859,ask,1757015336351
1757015336.7481658,109823.0,0.38029,bid,1757015336453
1757015336.7481658,109824.0,16.40859,ask,1757015336453
1757015336.853603,109822.0,0.10011,bid,1757015336517
1757015336.853603,109824.0,23.30555,ask,1757015336517
1757015336.990113,109822.0,0.10011,bid,1757015336626
1757015336.990113,109823.0,39.95948,ask,1757015336626
1757015337.2425797,109822.0,0.10011,bid,1757015336857
1757015337.2425797,109823.0,70.0647,ask,1757015336857
1757015337.3001776,109822.0,0.10011,bid,1757015336950
1757015337.3001776,109823.0,80.38846,ask,1757015336950
1757015337.3845456,109822.0,0.1,bid,1757015336991
1757015337.3845456,109823.0,74.45976,ask,1757015336991
1757015337.4678447,109822.0,0.1,bid,1757015337036
1757015337.4678447,109823.0,45.31207,ask,1757015337036
1757015337.5896132,109822.0,0.1,bid,1757015337253
1757015337.5896132,109823.0,40.93727,ask,1757015337253
1757015337.7381752,109822.0,0.1,bid,1757015337427
1757015337.7381752,109823.0,39.2863,ask,1757015337427
1757015337.8247223,109822.0,0.1,bid,1757015337491
1757015337.8247223,109823.0,38.60347,ask,1757015337491
1757015337.9971185,109822.0,0.10011,bid,1757015337631
1757015337.9971185,109823.0,37.87668,ask,1757015337631
1757015338.066096,109822.0,0.10011,bid,1757015337759
1757015338.066096,109823.0,36.77368,ask,1757015337759
1757015338.198489,109822.0,0.10011,bid,1757015337834
1757015338.198489,109823.0,31.5432,ask,1757015337834
1757015338.442465,109822.0,0.09544,bid,1757015338036
1757015338.442465,109823.0,31.5432,ask,1757015338036
1757015339.1539018,109822.0,0.09544,bid,1757015338844
1757015339.1539018,109823.0,23.29237,ask,1757015338844
1757015339.259194,109822.0,0.09544,bid,1757015338986
1757015339.259194,109823.0,22.61991,ask,1757015338986
1757015340.758664,109822.0,0.09544,bid,1757015340491
1757015340.758664,109823.0,22.54927,ask,1757015340491
1757015340.8865774,109822.0,0.09544,bid,1757015340538
1757015340.8865774,109823.0,22.639,ask,1757015340538
1757015341.5226388,109822.0,0.09544,bid,1757015340850
1757015341.5226388,109823.0,22.70125,ask,1757015340850
1757015341.709567,109822.0,0.09544,bid,1757015341121
1757015341.709567,109823.0,23.62168,ask,1757015341121
1757015341.7861543,109822.0,0.09544,bid,1757015341365
1757015341.7861543,109823.0,28.26492,ask,1757015341365
1757015342.476539,109822.0,0.09506,bid,1757015342007
1757015342.476539,109823.0,28.26016,ask,1757015342007
1757015342.5324576,109822.0,0.09506,bid,1757015342118
1757015342.5324576,109823.0,29.0796,ask,1757015342118
1757015342.5464714,109822.0,0.09506,bid,1757015342212
1757015342.5464714,109823.0,30.3134,ask,1757015342212
1757015342.6886618,109822.0,0.09506,bid,1757015342376
1757015342.6886618,109823.0,30.32176,ask,1757015342376
1757015342.7633965,109822.0,0.09506,bid,1757015342487
1757015342.7633965,109823.0,30.30355,ask,1757015342487
1757015342.8722293,109822.0,0.09506,bid,1757015342564
