timestamp,price,size,side,exchange_timestamp
1757015217.1774464,202.22,2054.67,bid,1757015216872
1757015217.1774464,202.23,95.1,ask,1757015216872
1757015217.6704783,202.22,1301.95,bid,1757015217237
1757015217.6704783,202.23,479.32,ask,1757015217237
1757015217.8316593,202.22,844.66,bid,1757015217477
1757015217.8316593,202.23,419.97,ask,1757015217477
1757015217.9937594,202.22,844.66,bid,1757015217641
1757015217.9937594,202.23,359.59,ask,1757015217641
1757015218.023987,202.22,844.66,bid,1757015217721
1757015218.023987,202.23,334.87,ask,1757015217721
1757015218.0906541,202.22,894.11,bid,1757015217788
1757015218.0906541,202.23,334.87,ask,1757015217788
1757015218.1863108,202.22,894.11,bid,1757015217870
1757015218.1863108,202.23,359.59,ask,1757015217870
1757015218.7005296,202.22,1566.22,bid,1757015218421
1757015218.7005296,202.23,334.87,ask,1757015218421
1757015218.8120785,202.22,3132.58,bid,1757015218483
1757015218.8120785,202.23,10.0,ask,1757015218483
1757015219.0492659,202.22,3169.72,bid,1757015218672
1757015219.0492659,202.23,10.0,ask,1757015218672
1757015219.2344947,202.22,3208.95,bid,1757015218875
1757015219.2344947,202.23,10.0,ask,1757015218875
1757015219.5028787,202.22,3208.95,bid,1757015219086
1757015219.5028787,202.23,9.95,ask,1757015219086
1757015219.5731497,202.22,3183.95,bid,1757015219286
1757015219.5731497,202.23,9.73,ask,1757015219286
1757015219.9688115,202.22,3183.95,bid,1757015219390
1757015219.9688115,202.23,9.51,ask,1757015219390
1757015220.2937891,202.22,3197.49,bid,1757015219488
1757015220.2937891,202.23,9.51,ask,1757015219488
1757015220.294303,202.22,3235.77,bid,1757015219736
1757015220.294303,202.23,9.51,ask,1757015219736
1757015220.5115337,202.22,3532.43,bid,1757015220005
1757015220.5115337,202.23,9.51,ask,1757015220005
1757015220.619787,202.22,4916.26,bid,1757015220144
1757015220.619787,202.23,9.51,ask,1757015220144
1757015220.7130532,202.22,5340.37,bid,1757015220266
1757015220.7130532,202.23,9.51,ask,1757015220266
1757015220.7363307,202.22,5862.38,bid,1757015220445
1757015220.7363307,202.23,9.51,ask,1757015220445
1757015221.0344946,202.22,6079.69,bid,1757015220550
1757015221.0344946,202.23,9.51,ask,1757015220550
1757015221.1480856,202.22,6167.4,bid,1757015220604
1757015221.1480856,202.23,9.51,ask,1757015220604
1757015221.1480856,202.22,6159.82,bid,1757015220695
1757015221.1480856,202.23,9.51,ask,1757015220695
1757015221.1764343,202.22,6173.43,bid,1757015220780
1757015221.1764343,202.29,6.59,ask,1757015220780
1757015221.1871867,202.28,320.44,bid,1757015220847
1757015221.1871867,202.29,6.59,ask,1757015220847
1757015221.3352463,202.28,464.84,bid,1757015220995
1757015221.3352463,202.3,12.54,ask,1757015220995
1757015221.5524602,202.29,109.4,bid,1757015221096
1757015221.5524602,202.3,12.54,ask,1757015221096
1757015221.7207818,202.29,473.81,bid,1757015221220
1757015221.7207818,202.3,0.54,ask,1757015221220
1757015221.7366633,202.29,624.22,bid,1757015221298
1757015221.7366633,202.3,0.54,ask,1757015221298
1757015221.7636278,202.29,3097.52,bid,1757015221421
1757015221.7636278,202.3,0.54,ask,1757015221421
1757015221.7827983,202.29,3498.76,bid,1757015221571
1757015221.7827983,202.3,0.54,ask,1757015221571
1757015221.9067783,202.29,3983.49,bid,1757015221613
1757015221.9067783,202.3,0.54,ask,1757015221613
1757015221.990678,202.29,3907.13,bid,1757015221635
1757015221.990678,202.3,0.54,ask,1757015221635
1757015222.0558283,202.29,3896.03,bid,1757015221697
1757015222.0558283,202.3,0.54,ask,1757015221697
1757015222.2435486,202.29,3725.3,bid,1757015221902
1757015222.2435486,202.3,0.54,ask,1757015221902
1757015222.487147,202.29,3421.99,bid,1757015222034
1757015222.487147,202.3,0.54,ask,1757015222034
1757015222.6462345,202.29,3770.95,bid,1757015222230
1757015222.6462345,202.3,0.54,ask,1757015222230
1757015222.7184775,202.29,3267.15,bid,1757015222324
1757015222.7184775,202.3,0.54,ask,1757015222324
1757015222.7691731,202.29,3279.48,bid,1757015222431
1757015222.7691731,202.3,0.54,ask,1757015222431
1757015222.8286602,202.29,2982.92,bid,1757015222522
1757015222.8286602,202.3,0.54,ask,1757015222522
1757015222.9106605,202.29,2998.51,bid,1757015222585
1757015222.9106605,202.3,0.54,ask,1757015222585
1757015223.1171143,202.29,3018.16,bid,1757015222674
1757015223.1171143,202.3,0.54,ask,1757015222674
1757015223.1540766,202.29,3004.69,bid,1757015222748
1757015223.1540766,202.3,0.54,ask,1757015222748
1757015223.1540766,202.29,3005.01,bid,1757015222826
1757015223.1540766,202.3,0.54,ask,1757015222826
1757015223.2806416,202.29,3014.58,bid,1757015222884
1757015223.2806416,202.3,0.54,ask,1757015222884
1757015223.461659,202.29,3237.97,bid,1757015223143
1757015223.461659,202.3,0.54,ask,1757015223143
1757015223.6696715,202.29,3237.97,bid,1757015223351
1757015223.6696715,202.34,1.48,ask,1757015223351
1757015223.7281609,202.33,840.58,bid,1757015223420
1757015223.7281609,202.34,1.48,ask,1757015223420
1757015223.7537777,202.33,1133.8,bid,1757015223495
1757015223.7537777,202.34,1.48,ask,1757015223495
1757015223.8390703,202.33,1145.54,bid,1757015223552
1757015223.8390703,202.34,1.48,ask,1757015223552
1757015224.0079618,202.33,2206.47,bid,1757015223698
1757015224.0079618,202.34,1.48,ask,1757015223698
1757015224.1140401,202.33,2646.8,bid,1757015223753
1757015224.1140401,202.34,1.48,ask,1757015223753
1757015224.1345928,202.33,4371.61,bid,1757015223825
1757015224.1345928,202.34,1.48,ask,1757015223825
1757015224.163316,202.33,5312.5,bid,1757015223897
1757015224.163316,202.34,1.48,ask,1757015223897
1757015224.2388244,202.33,5318.42,bid,1757015223955
1757015224.2388244,202.34,1.48,ask,1757015223955
1757015224.387097,202.33,5618.8,bid,1757015224030
1757015224.387097,202.35,45.0,ask,1757015224030
1757015224.3912177,202.34,661.07,bid,1757015224101
1757015224.3912177,202.35,45.0,ask,1757015224101
1757015224.4422517,202.34,841.98,bid,1757015224156
1757015224.4422517,202.35,45.0,ask,1757015224156
1757015224.602126,202.34,1231.81,bid,1757015224291
1757015224.602126,202.35,45.0,ask,1757015224291
1757015224.731898,202.34,2896.81,bid,1757015224358
1757015224.731898,202.35,45.0,ask,1757015224358
1757015225.1713955,202.34,4868.07,bid,1757015224468
1757015225.1713955,202.35,45.0,ask,1757015224468
1757015225.5302036,202.34,4893.81,bid,1757015224469
1757015225.5302036,202.35,45.0,ask,1757015224469
1757015225.5302036,202.34,4015.64,bid,1757015224761
1757015225.5302036,202.35,45.0,ask,1757015224761
1757015225.6763365,202.34,3855.85,bid,1757015225078
1757015225.6763365,202.35,44.6,ask,1757015225078
1757015225.6763365,202.34,3749.87,bid,1757015225201
1757015225.6763365,202.35,44.6,ask,1757015225201
1757015225.6763365,202.34,3562.05,bid,1757015225266
1757015225.6763365,202.35,44.6,ask,1757015225266
1757015225.7850718,202.34,2694.7,bid,1757015225408
1757015225.7850718,202.35,44.6,ask,1757015225408
1757015225.9162226,202.34,3287.68,bid,1757015225593
1757015225.9162226,202.35,44.6,ask,1757015225593
1757015226.0034637,202.34,3596.53,bid,1757015225653
1757015226.0034637,202.35,44.6,ask,1757015225653
1757015226.1591263,202.34,3299.98,bid,1757015225731
1757015226.1591263,202.35,44.6,ask,1757015225731
1757015226.2987983,202.34,3337.88,bid,1757015225850
1757015226.2987983,202.35,44.6,ask,1757015225850
1757015226.6276143,202.34,3610.51,bid,1757015226294
1757015226.6276143,202.35,44.6,ask,1757015226294
1757015226.709371,202.34,4230.34,bid,1757015226376
1757015226.709371,202.35,44.6,ask,1757015226376
1757015226.8772182,202.34,4222.92,bid,1757015226536
1757015226.8772182,202.35,44.6,ask,1757015226536
1757015226.9365609,202.34,4259.78,bid,1757015226598
1757015226.9365609,202.35,44.6,ask,1757015226598
1757015227.0065906,202.34,4272.82,bid,1757015226720
1757015227.0065906,202.35,44.6,ask,1757015226720
1757015227.1538658,202.34,4550.55,bid,1757015226843
1757015227.1538658,202.35,45.74,ask,1757015226843
1757015227.4547508,202.34,4651.01,bid,1757015227037
1757015227.4547508,202.4,38.84,ask,1757015227037
1757015227.603742,202.39,262.82,bid,1757015227169
1757015227.603742,202.4,38.84,ask,1757015227169
1757015227.618262,202.39,786.93,bid,1757015227286
1757015227.618262,202.4,38.84,ask,1757015227286
1757015227.6903117,202.39,1341.04,bid,1757015227427
1757015227.6903117,202.4,26.49,ask,1757015227427
1757015227.8158517,202.39,1599.16,bid,1757015227483
1757015227.8158517,202.4,51.49,ask,1757015227483
1757015228.0610683,202.39,1468.79,bid,1757015227655
1757015228.0610683,202.4,69.45,ask,1757015227655
1757015228.1170938,202.39,1561.05,bid,1757015227705
1757015228.1170938,202.4,79.32,ask,1757015227705
1757015228.2858877,202.39,1365.44,bid,1757015227912
1757015228.2858877,202.4,79.32,ask,1757015227912
1757015228.3345087,202.39,1295.44,bid,1757015227963
1757015228.3345087,202.4,691.33,ask,1757015227963
1757015228.3968987,202.39,998.27,bid,1757015228026
1757015228.3968987,202.4,1828.53,ask,1757015228026
1757015228.6143844,202.39,185.53,bid,1757015228190
1757015228.6143844,202.4,2034.4,ask,1757015228190
1757015228.689069,202.39,185.53,bid,1757015228313
1757015228.689069,202.4,2056.28,ask,1757015228313
1757015228.7152352,202.39,185.53,bid,1757015228390
1757015228.7152352,202.4,2649.12,ask,1757015228390
1757015229.073462,202.39,185.53,bid,1757015228697
1757015229.073462,202.4,2650.6,ask,1757015228697
1757015229.5667987,202.39,185.53,bid,1757015229304
1757015229.5667987,202.4,2687.42,ask,1757015229304
1757015229.6613994,202.39,80.5,bid,1757015229362
1757015229.6613994,202.4,2780.04,ask,1757015229362
1757015229.7548876,202.39,81.05,bid,1757015229431
1757015229.7548876,202.4,2780.04,ask,1757015229431
1757015230.2939541,202.39,81.05,bid,1757015229578
1757015230.2939541,202.4,1880.92,ask,1757015229578
1757015230.5592113,202.39,81.05,bid,1757015230165
1757015230.5592113,202.4,1894.67,ask,1757015230165
1757015230.5910225,202.39,81.05,bid,1757015230215
1757015230.5910225,202.4,2487.48,ask,1757015230215
1757015230.8118944,202.39,81.05,bid,1757015230459
1757015230.8118944,202.4,2770.14,ask,1757015230459
1757015230.8350856,202.39,81.05,bid,1757015230529
1757015230.8350856,202.4,2789.43,ask,1757015230529
1757015231.1258316,202.39,81.05,bid,1757015230776
1757015231.1258316,202.4,2813.0,ask,1757015230776
1757015231.127932,202.39,81.05,bid,1757015230834
1757015231.127932,202.4,2826.27,ask,1757015230834
1757015231.2556345,202.39,81.05,bid,1757015230923
1757015231.2556345,202.4,2797.2,ask,1757015230923
1757015231.427824,202.39,81.05,bid,1757015231067
1757015231.427824,202.4,1425.72,ask,1757015231067
1757015231.4983602,202.39,389.85,bid,1757015231215
1757015231.4983602,202.4,1258.67,ask,1757015231215
1757015231.5621474,202.39,85.1,bid,1757015231287
1757015231.5621474,202.4,1263.04,ask,1757015231287
1757015231.886834,202.39,85.1,bid,1757015231398
1757015231.886834,202.4,1283.68,ask,1757015231398
1757015231.8972929,202.39,85.1,bid,1757015231538
1757015231.8972929,202.4,1996.23,ask,1757015231538
1757015231.9513032,202.39,85.1,bid,1757015231690
1757015231.9513032,202.4,2157.92,ask,1757015231690
1757015232.1718843,202.39,81.05,bid,1757015231797
1757015232.1718843,202.4,2750.74,ask,1757015231797
1757015232.255217,202.39,81.05,bid,1757015231862
1757015232.255217,202.4,3047.15,ask,1757015231862
1757015232.308206,202.39,81.05,bid,1757015231941
1757015232.308206,202.4,2750.74,ask,1757015231941
1757015232.3625674,202.39,81.05,bid,1757015232056
1757015232.3625674,202.4,2144.46,ask,1757015232056
1757015232.5025098,202.39,81.05,bid,1757015232201
1757015232.5025098,202.4,2154.34,ask,1757015232201
1757015232.6664505,202.39,81.05,bid,1757015232342
1757015232.6664505,202.4,2005.73,ask,1757015232342
1757015232.804651,202.35,697.91,bid,1757015232496
1757015232.804651,202.4,2005.73,ask,1757015232496
1757015232.8571594,202.35,697.91,bid,1757015232562
1757015232.8571594,202.36,181.28,ask,1757015232562
1757015233.0401194,202.35,697.91,bid,1757015232709
1757015233.0401194,202.36,314.71,ask,1757015232709
1757015233.140576,202.35,697.91,bid,1757015232838
1757015233.140576,202.36,317.1,ask,1757015232838
1757015233.2141228,202.35,1013.77,bid,1757015232901
1757015233.2141228,202.36,218.38,ask,1757015232901
1757015233.3865128,202.35,1393.01,bid,1757015233007
1757015233.3865128,202.36,92.87,ask,1757015233007
1757015233.4015443,202.35,1985.96,bid,1757015233111
1757015233.4015443,202.36,36.45,ask,1757015233111
1757015233.5832074,202.35,1985.96,bid,1757015233264
1757015233.5832074,202.36,29.47,ask,1757015233264
1757015233.6496289,202.35,1911.81,bid,1757015233389
1757015233.6496289,202.36,8.83,ask,1757015233389
1757015233.8357732,202.35,1957.67,bid,1757015233592
1757015233.8357732,202.36,8.83,ask,1757015233592
1757015233.9834864,202.35,2098.39,bid,1757015233703
1757015233.9834864,202.36,8.83,ask,1757015233703
1757015234.3786416,202.35,2161.25,bid,1757015234043
1757015234.3786416,202.36,5.77,ask,1757015234043
1757015234.5232747,202.35,2161.25,bid,1757015234244
1757015234.5232747,202.36,2.71,ask,1757015234244
1757015234.6056876,202.35,2210.73,bid,1757015234306
1757015234.6056876,202.36,2.71,ask,1757015234306
1757015234.6594944,202.35,2211.43,bid,1757015234400
1757015234.6594944,202.36,2.71,ask,1757015234400
1757015234.808479,202.35,2507.9,bid,1757015234526
1757015234.808479,202.36,2.71,ask,1757015234526
1757015235.433256,202.35,2507.9,bid,1757015234848
1757015235.433256,202.36,2.8,ask,1757015234848
1757015235.527968,202.35,2538.82,bid,1757015235039
1757015235.527968,202.36,2.8,ask,1757015235039
1757015235.6143696,202.35,2817.57,bid,1757015235212
1757015235.6143696,202.36,0.09,ask,1757015235212
1757015235.6474745,202.35,2935.69,bid,1757015235352
1757015235.6474745,202.36,0.09,ask,1757015235352
1757015235.928861,202.35,2575.0,bid,1757015235554
1757015235.928861,202.36,0.09,ask,1757015235554
1757015236.003629,202.35,1976.13,bid,1757015235627
1757015236.003629,202.36,0.09,ask,1757015235627
1757015236.018798,202.35,1952.08,bid,1757015235719
1757015236.018798,202.36,0.09,ask,1757015235719
1757015236.0456636,202.35,1709.25,bid,1757015235786
1757015236.0456636,202.36,20.73,ask,1757015235786
1757015236.2010794,202.35,1667.37,bid,1757015235922
1757015236.2010794,202.36,20.43,ask,1757015235922
1757015236.263548,202.35,1671.42,bid,1757015235987
1757015236.263548,202.36,20.43,ask,1757015235987
1757015236.383664,202.35,1664.14,bid,1757015236052
1757015236.383664,202.36,20.43,ask,1757015236052
1757015236.4478724,202.35,1565.31,bid,1757015236118
1757015236.4478724,202.36,20.43,ask,1757015236118
1757015236.6445994,202.35,1581.15,bid,1757015236320
1757015236.6445994,202.36,20.43,ask,1757015236320
1757015236.94777,202.35,2174.09,bid,1757015236680
1757015236.94777,202.36,20.43,ask,1757015236680
1757015237.0336654,202.35,2174.09,bid,1757015236731
1757015237.0336654,202.37,293.93,ask,1757015236731
1757015237.06368,202.36,526.49,bid,1757015236781
1757015237.06368,202.37,293.93,ask,1757015236781
1757015237.2270746,202.36,1402.14,bid,1757015236938
1757015237.2270746,202.37,293.93,ask,1757015236938
1757015237.2835698,202.36,1719.29,bid,1757015237019
1757015237.2835698,202.37,293.93,ask,1757015237019
1757015237.3962286,202.36,2507.03,bid,1757015237115
1757015237.3962286,202.37,293.87,ask,1757015237115
1757015237.4904737,202.36,1886.67,bid,1757015237191
1757015237.4904737,202.37,309.36,ask,1757015237191
1757015237.597572,202.36,1901.14,bid,1757015237316
1757015237.597572,202.37,309.36,ask,1757015237316
1757015237.6525345,202.36,1901.14,bid,1757015237385
1757015237.6525345,202.37,288.93,ask,1757015237385
1757015237.7955375,202.36,1992.79,bid,1757015237520
1757015237.7955375,202.37,288.93,ask,1757015237520
1757015237.878404,202.36,2283.05,bid,1757015237586
1757015237.878404,202.37,288.93,ask,1757015237586
1757015238.1046581,202.36,2292.93,bid,1757015237782
1757015238.1046581,202.37,288.93,ask,1757015237782
1757015238.4833543,202.36,2317.93,bid,1757015238122
1757015238.4833543,202.39,25.48,ask,1757015238122
1757015238.4982507,202.38,483.76,bid,1757015238175
1757015238.4982507,202.39,25.48,ask,1757015238175
1757015238.6221695,202.38,1015.13,bid,1757015238321
1757015238.6221695,202.39,25.48,ask,1757015238321
1757015238.6965373,202.38,1598.31,bid,1757015238376
1757015238.6965373,202.39,25.48,ask,1757015238376
1757015238.8019078,202.38,3261.07,bid,1757015238536
1757015238.8019078,202.39,12.0,ask,1757015238536
1757015238.8772352,202.38,3792.28,bid,1757015238585
1757015238.8772352,202.39,12.0,ask,1757015238585
1757015238.9745321,202.38,3439.64,bid,1757015238651
1757015238.9745321,202.39,12.0,ask,1757015238651
1757015239.1092405,202.38,3064.12,bid,1757015238839
1757015239.1092405,202.39,12.0,ask,1757015238839
1757015239.2014296,202.38,3064.12,bid,1757015238897
1757015239.2014296,202.39,5.6,ask,1757015238897
1757015239.2596114,202.38,5477.49,bid,1757015238961
1757015239.2596114,202.41,2.86,ask,1757015238961
1757015239.4004893,202.4,516.2,bid,1757015239022
1757015239.4004893,202.41,1.48,ask,1757015239022
1757015239.5907297,202.4,2265.2,bid,1757015239258
1757015239.5907297,202.43,19.5,ask,1757015239258
1757015239.7530649,202.42,188.23,bid,1757015239447
1757015239.7530649,202.43,7.5,ask,1757015239447
1757015240.43206,202.42,2170.87,bid,1757015239600
1757015240.43206,202.43,7.6,ask,1757015239600
1757015240.7474093,202.42,2870.77,bid,1757015239865
1757015240.7474093,202.43,7.6,ask,1757015239865
1757015240.7474093,202.42,2267.54,bid,1757015240060
1757015240.7474093,202.43,7.6,ask,1757015240060
1757015240.7547996,202.42,2202.96,bid,1757015240112
1757015240.7547996,202.43,7.6,ask,1757015240112
1757015240.7547996,202.42,2138.93,bid,1757015240168
1757015240.7547996,202.43,7.6,ask,1757015240168
1757015240.8667367,202.42,2499.06,bid,1757015240267
1757015240.8667367,202.43,6.86,ask,1757015240267
1757015240.8878343,202.42,2295.52,bid,1757015240524
1757015240.8878343,202.43,6.86,ask,1757015240524
1757015240.9606574,202.42,2143.73,bid,1757015240583
1757015240.9606574,202.43,6.86,ask,1757015240583
1757015241.1819205,202.42,2153.6,bid,1757015240810
1757015241.1819205,202.43,1.48,ask,1757015240810
1757015241.356859,202.42,1616.19,bid,1757015240974
1757015241.356859,202.43,1.48,ask,1757015240974
1757015241.4722629,202.42,2187.69,bid,1757015241081
1757015241.4722629,202.43,1.48,ask,1757015241081
1757015241.5699205,202.42,1594.95,bid,1757015241152
1757015241.5699205,202.43,1.48,ask,1757015241152
1757015241.913575,202.42,1594.95,bid,1757015241473
1757015241.913575,202.43,21.91,ask,1757015241473
1757015242.0054574,202.42,1516.77,bid,1757015241586
1757015242.0054574,202.43,372.68,ask,1757015241586
1757015242.0449672,202.42,1516.77,bid,1757015241651
1757015242.0449672,202.43,384.68,ask,1757015241651
1757015242.3690562,202.42,1048.26,bid,1757015241940
1757015242.3690562,202.43,936.24,ask,1757015241940
1757015242.4891255,202.42,1004.37,bid,1757015242062
1757015242.4891255,202.43,936.24,ask,1757015242062
1757015242.491153,202.42,806.29,bid,1757015242113
1757015242.491153,202.43,576.54,ask,1757015242113
1757015242.5844085,202.42,454.49,bid,1757015242216
1757015242.5844085,202.43,943.38,ask,1757015242216
1757015242.5844085,202.42,355.67,bid,1757015242264
1757015242.5844085,202.43,943.38,ask,1757015242264
1757015242.6099644,202.42,355.67,bid,1757015242314
1757015242.6099644,202.43,949.26,ask,1757015242314
1757015242.6866596,202.42,355.67,bid,1757015242419
1757015242.6866596,202.43,905.14,ask,1757015242419
1757015242.8194156,202.42,355.67,bid,1757015242489
1757015242.8194156,202.43,1159.16,ask,1757015242489
1757015242.8809528,202.42,390.4,bid,1757015242555
1757015242.8809528,202.43,1159.16,ask,1757015242555
1757015243.0775516,202.42,355.67,bid,1757015242715
1757015243.0775516,202.43,1159.16,ask,1757015242715
1757015243.2293167,202.42,359.93,bid,1757015242869
1757015243.2293167,202.43,1165.69,ask,1757015242869
1757015243.5042956,202.42,359.93,bid,1757015243072
1757015243.5042956,202.43,1144.44,ask,1757015243072
1757015243.6161704,202.42,509.6,bid,1757015243165
1757015243.6161704,202.43,895.51,ask,1757015243165
1757015243.7194579,202.42,649.05,bid,1757015243271
1757015243.7194579,202.43,703.65,ask,1757015243271
1757015243.7676556,202.42,929.49,bid,1757015243419
1757015243.7676556,202.43,604.2,ask,1757015243419
1757015243.8525078,202.42,1077.69,bid,1757015243557
1757015243.8525078,202.43,338.18,ask,1757015243557
1757015244.0141785,202.42,1107.32,bid,1757015243713
1757015244.0141785,202.43,338.18,ask,1757015243713
1757015244.3917425,202.42,2033.62,bid,1757015244037
1757015244.3917425,202.43,338.18,ask,1757015244037
1757015244.5182354,202.42,1638.57,bid,1757015244289
1757015244.5182354,202.43,338.18,ask,1757015244289
1757015244.7010658,202.42,2231.31,bid,1757015244472
1757015244.7010658,202.43,338.18,ask,1757015244472
1757015245.1931937,202.42,1507.92,bid,1757015244675
1757015245.1931937,202.43,338.18,ask,1757015244675
1757015245.492351,202.42,1409.53,bid,1757015244870
1757015245.492351,202.43,363.85,ask,1757015244870
1757015245.6082335,202.42,1484.61,bid,1757015245165
1757015245.6082335,202.43,363.85,ask,1757015245165
1757015245.786949,202.42,1534.01,bid,1757015245441
1757015245.786949,202.43,338.18,ask,1757015245441
1757015246.0074747,202.42,2126.74,bid,1757015245644
1757015246.0074747,202.43,338.18,ask,1757015245644
1757015246.2362878,202.42,2423.11,bid,1757015245896
1757015246.2362878,202.43,339.66,ask,1757015245896
1757015246.285787,202.42,2423.11,bid,1757015245973
1757015246.285787,202.43,333.78,ask,1757015245973
1757015246.531731,202.42,2485.25,bid,1757015246135
1757015246.531731,202.43,1.48,ask,1757015246135
1757015246.6535397,202.42,2485.25,bid,1757015246342
1757015246.6535397,202.45,31.54,ask,1757015246342
1757015246.764567,202.44,216.14,bid,1757015246473
1757015246.764567,202.45,31.54,ask,1757015246473
1757015246.866123,202.44,600.83,bid,1757015246522
1757015246.866123,202.45,31.54,ask,1757015246522
1757015247.1361842,202.44,1520.0,bid,1757015246679
1757015247.1361842,202.45,31.54,ask,1757015246679
1757015247.317171,202.44,2742.0,bid,1757015246805
1757015247.317171,202.45,31.54,ask,1757015246805
1757015247.3433163,202.44,4688.26,bid,1757015246848
1757015247.3433163,202.48,38.52,ask,1757015246848
1757015247.5861032,202.47,12.73,bid,1757015247037
1757015247.5861032,202.48,38.52,ask,1757015247037
1757015247.6378896,202.47,612.6,bid,1757015247239
1757015247.6378896,202.48,38.52,ask,1757015247239
1757015247.6826787,202.47,863.47,bid,1757015247349
1757015247.6826787,202.48,38.52,ask,1757015247349
1757015247.813869,202.47,1755.44,bid,1757015247441
1757015247.813869,202.48,37.14,ask,1757015247441
1757015247.9771538,202.47,2041.36,bid,1757015247492
1757015247.9771538,202.48,37.14,ask,1757015247492
1757015248.027727,202.47,2169.83,bid,1757015247563
1757015248.027727,202.48,414.54,ask,1757015247563
1757015248.2504714,202.47,1908.47,bid,1757015247737
1757015248.2504714,202.48,414.54,ask,1757015247737
1757015248.2515125,202.47,840.87,bid,1757015247855
1757015248.2515125,202.48,1009.74,ask,1757015247855
1757015248.39788,202.47,544.44,bid,1757015247932
1757015248.39788,202.48,1053.03,ask,1757015247932
1757015248.4857686,202.47,544.44,bid,1757015248057
1757015248.4857686,202.48,439.54,ask,1757015248057
1757015248.641041,202.47,544.44,bid,1757015248144
1757015248.641041,202.48,260.27,ask,1757015248144
1757015248.7542667,202.47,641.53,bid,1757015248299
1757015248.7542667,202.48,260.27,ask,1757015248299
1757015248.7752752,202.47,641.53,bid,1757015248366
1757015248.7752752,202.48,359.05,ask,1757015248366
1757015248.876609,202.47,851.97,bid,1757015248585
1757015248.876609,202.48,260.27,ask,1757015248585
1757015248.9617078,202.47,901.46,bid,1757015248639
1757015248.9617078,202.48,260.27,ask,1757015248639
1757015249.1186864,202.47,800.25,bid,1757015248813
1757015249.1186864,202.48,261.75,ask,1757015248813
1757015249.1676044,202.47,531.71,bid,1757015248886
1757015249.1676044,202.48,893.14,ask,1757015248886
1757015249.3265762,202.47,531.71,bid,1757015249014
1757015249.3265762,202.48,893.09,ask,1757015249014
1757015249.402445,202.47,582.01,bid,1757015249116
1757015249.402445,202.48,477.17,ask,1757015249116
1757015249.5830288,202.47,583.76,bid,1757015249235
1757015249.5830288,202.48,378.39,ask,1757015249235
1757015249.6819031,202.47,584.04,bid,1757015249383
1757015249.6819031,202.48,378.39,ask,1757015249383
1757015249.7901354,202.47,584.04,bid,1757015249521
1757015249.7901354,202.48,379.3,ask,1757015249521
1757015249.8429248,202.47,631.22,bid,1757015249615
1757015249.8429248,202.48,649.71,ask,1757015249615
1757015249.9359918,202.47,834.64,bid,1757015249668
1757015249.9359918,202.48,414.58,ask,1757015249668
1757015250.7485158,202.47,1145.91,bid,1757015249873
1757015250.7485158,202.48,26.0,ask,1757015249873
1757015250.7501085,202.48,469.41,bid,1757015250239
1757015250.7501085,202.49,318.71,ask,1757015250239
1757015250.7501085,202.48,748.24,bid,1757015250290
1757015250.7501085,202.49,318.71,ask,1757015250290
1757015250.952405,202.48,1538.86,bid,1757015250525
1757015250.952405,202.49,318.71,ask,1757015250525
1757015250.9939137,202.48,2087.66,bid,1757015250649
1757015250.9939137,202.49,318.71,ask,1757015250649
1757015251.0560658,202.48,2343.3,bid,1757015250726
1757015251.0560658,202.49,320.19,ask,1757015250726
1757015251.0930028,202.48,1917.46,bid,1757015250809
1757015251.0930028,202.49,320.19,ask,1757015250809
1757015251.1345763,202.48,1820.59,bid,1757015250872
1757015251.1345763,202.49,320.19,ask,1757015250872
1757015251.340296,202.48,2021.18,bid,1757015251013
1757015251.340296,202.49,320.19,ask,1757015251013
1757015251.3838313,202.48,1724.84,bid,1757015251070
1757015251.3838313,202.49,320.19,ask,1757015251070
1757015251.4259443,202.48,1626.06,bid,1757015251129
1757015251.4259443,202.49,320.19,ask,1757015251129
1757015251.5647616,202.48,1596.36,bid,1757015251290
1757015251.5647616,202.49,320.19,ask,1757015251290
1757015251.6012795,202.48,1392.61,bid,1757015251331
1757015251.6012795,202.49,320.19,ask,1757015251331
1757015251.7750392,202.48,1392.91,bid,1757015251485
1757015251.7750392,202.49,318.71,ask,1757015251485
1757015251.9030554,202.48,1195.28,bid,1757015251534
1757015251.9030554,202.49,318.71,ask,1757015251534
1757015252.2025208,202.48,1195.28,bid,1757015251879
1757015252.2025208,202.49,320.19,ask,1757015251879
1757015252.2693584,202.48,1246.05,bid,1757015251933
1757015252.2693584,202.49,320.19,ask,1757015251933
1757015252.5105112,202.48,1913.78,bid,1757015252120
1757015252.5105112,202.49,318.81,ask,1757015252120
1757015252.6336393,202.48,1321.22,bid,1757015252350
1757015252.6336393,202.49,318.81,ask,1757015252350
1757015252.677636,202.48,1321.22,bid,1757015252351
1757015252.677636,202.49,317.33,ask,1757015252351
1757015252.8106213,202.48,2118.09,bid,1757015252469
1757015252.8106213,202.49,6.21,ask,1757015252469
1757015252.9108632,202.48,2163.09,bid,1757015252552
1757015252.9108632,202.49,6.21,ask,1757015252552
1757015253.125904,202.48,2511.92,bid,1757015252667
1757015253.125904,202.49,6.21,ask,1757015252667
1757015253.1279233,202.48,2511.92,bid,1757015252752
1757015253.1279233,202.51,48.27,ask,1757015252752
1757015253.136238,202.5,441.4,bid,1757015252853
1757015253.136238,202.51,48.27,ask,1757015252853
1757015253.2227018,202.5,1115.57,bid,1757015252953
1757015253.2227018,202.51,48.27,ask,1757015252953
1757015253.3320003,202.5,1467.29,bid,1757015253019
1757015253.3320003,202.51,48.27,ask,1757015253019
1757015253.3985448,202.5,2028.52,bid,1757015253072
1757015253.3985448,202.51,48.27,ask,1757015253072
1757015253.4924724,202.5,2001.64,bid,1757015253154
1757015253.4924724,202.51,48.27,ask,1757015253154
1757015253.680685,202.5,1865.64,bid,1757015253273
1757015253.680685,202.51,48.27,ask,1757015253273
1757015253.7609928,202.5,2256.11,bid,1757015253356
1757015253.7609928,202.51,48.27,ask,1757015253356
1757015253.8949192,202.5,2245.61,bid,1757015253555
1757015253.8949192,202.51,48.27,ask,1757015253555
1757015254.0925581,202.5,2238.93,bid,1757015253678
1757015254.0925581,202.51,48.27,ask,1757015253678
1757015254.2147226,202.5,1936.33,bid,1757015253799
1757015254.2147226,202.51,48.27,ask,1757015253799
1757015254.3600924,202.5,1885.6,bid,1757015253999
1757015254.3600924,202.51,48.27,ask,1757015253999
1757015254.5515103,202.5,1885.48,bid,1757015254161
1757015254.5515103,202.51,48.27,ask,1757015254161
1757015254.7976382,202.5,1864.27,bid,1757015254433
1757015254.7976382,202.51,2.56,ask,1757015254433
1757015255.0797772,202.5,1555.62,bid,1757015254601
1757015255.0797772,202.51,2.56,ask,1757015254601
1757015255.327543,202.5,1407.47,bid,1757015254731
1757015255.327543,202.51,2.56,ask,1757015254731
1757015255.690137,202.5,1041.12,bid,1757015254810
1757015255.690137,202.51,507.91,ask,1757015254810
1757015255.690137,202.5,1004.15,bid,1757015254859
1757015255.690137,202.51,655.57,ask,1757015254859
1757015255.763003,202.5,1269.31,bid,1757015255036
1757015255.763003,202.51,328.85,ask,1757015255036
1757015255.839087,202.5,1356.73,bid,1757015255211
1757015255.839087,202.51,328.85,ask,1757015255211
1757015255.9999926,202.5,1091.57,bid,1757015255576
1757015255.9999926,202.51,328.85,ask,1757015255576
1757015256.0188484,202.5,1004.15,bid,1757015255642
1757015256.0188484,202.51,330.33,ask,1757015255642
1757015256.1325994,202.5,1004.15,bid,1757015255742
1757015256.1325994,202.51,19.24,ask,1757015255742
1757015256.2003572,202.5,1004.15,bid,1757015255813
1757015256.2003572,202.51,176.71,ask,1757015255813
1757015256.7112553,202.5,608.93,bid,1757015256367
1757015256.7112553,202.51,899.38,ask,1757015256367
1757015256.8248324,202.49,1.46,bid,1757015256435
1757015256.8248324,202.51,1921.58,ask,1757015256435
1757015256.9099233,202.49,1.46,bid,1757015256614
1757015256.9099233,202.5,3728.34,ask,1757015256614
1757015257.0009513,202.49,1.46,bid,1757015256717
1757015257.0009513,202.5,9231.59,ask,1757015256717
1757015257.1633484,202.49,1.46,bid,1757015256818
1757015257.1633484,202.5,17665.34,ask,1757015256818
1757015257.316546,202.49,1.46,bid,1757015256865
1757015257.316546,202.5,19439.21,ask,1757015256865
1757015257.5149617,202.49,1.46,bid,1757015257065
1757015257.5149617,202.5,15181.7,ask,1757015257065
1757015257.5571504,202.49,1.46,bid,1757015257140
1757015257.5571504,202.5,6207.67,ask,1757015257140
1757015257.6746194,202.49,1.14,bid,1757015257358
1757015257.6746194,202.5,7505.32,ask,1757015257358
1757015257.8972273,202.41,96.44,bid,1757015257561
1757015257.8972273,202.5,7645.89,ask,1757015257561
1757015258.0512624,202.41,182.5,bid,1757015257700
1757015258.0512624,202.42,632.69,ask,1757015257700
1757015258.2741935,202.41,890.9,bid,1757015257902
1757015258.2741935,202.42,1183.17,ask,1757015257902
1757015258.4769306,202.41,1634.16,bid,1757015258090
1757015258.4769306,202.42,388.84,ask,1757015258090
1757015258.6877697,202.41,1706.74,bid,1757015258362
1757015258.6877697,202.42,161.0,ask,1757015258362
1757015258.7190776,202.41,1706.74,bid,1757015258454
1757015258.7190776,202.42,80.5,ask,1757015258454
1757015258.802249,202.41,1820.13,bid,1757015258511
1757015258.802249,202.42,80.5,ask,1757015258511
1757015259.5439084,202.41,2412.9,bid,1757015259210
1757015259.5439084,202.42,80.5,ask,1757015259210
1757015259.6646194,202.41,2411.5,bid,1757015259315
1757015259.6646194,202.42,80.5,ask,1757015259315
1757015259.8006165,202.41,2454.32,bid,1757015259411
1757015259.8006165,202.42,80.5,ask,1757015259411
1757015259.8894758,202.41,2454.46,bid,1757015259519
1757015259.8894758,202.42,80.5,ask,1757015259519
1757015260.019319,202.41,2529.65,bid,1757015259720
1757015260.019319,202.42,80.5,ask,1757015259720
1757015260.6142411,202.41,2826.03,bid,1757015259917
1757015260.6142411,202.42,80.5,ask,1757015259917
1757015260.63637,202.41,2837.95,bid,1757015260145
1757015260.63637,202.42,80.5,ask,1757015260145
1757015260.799252,202.41,2837.95,bid,1757015260450
1757015260.799252,202.42,76.74,ask,1757015260450
1757015260.9592829,202.41,2832.03,bid,1757015260584
1757015260.9592829,202.42,76.74,ask,1757015260584
1757015261.0986466,202.41,2837.95,bid,1757015260793
1757015261.0986466,202.42,76.74,ask,1757015260793
1757015261.567808,202.41,2541.57,bid,1757015261225
1757015261.567808,202.42,77.41,ask,1757015261225
1757015261.6037602,202.41,1948.8,bid,1757015261333
1757015261.6037602,202.42,77.41,ask,1757015261333
1757015261.9475112,202.41,1942.88,bid,1757015261624
1757015261.9475112,202.42,77.41,ask,1757015261624
1757015262.1563492,202.41,1948.8,bid,1757015261836
1757015262.1563492,202.42,399.75,ask,1757015261836
1757015262.1984718,202.41,1938.93,bid,1757015261920
1757015262.1984718,202.42,399.75,ask,1757015261920
1757015262.2992911,202.41,1850.08,bid,1757015261978
1757015262.2992911,202.42,550.12,ask,1757015261978
1757015262.528814,202.41,1448.33,bid,1757015262138
1757015262.528814,202.42,834.6,ask,1757015262138
1757015262.6676354,202.41,631.12,bid,1757015262215
1757015262.6676354,202.42,834.6,ask,1757015262215
1757015262.6676354,202.41,211.53,bid,1757015262339
1757015262.6676354,202.42,982.81,ask,1757015262339
1757015262.9635863,202.41,316.1,bid,1757015262641
1757015262.9635863,202.42,642.73,ask,1757015262641
1757015263.0667834,202.41,518.96,bid,1757015262703
1757015263.0667834,202.42,642.73,ask,1757015262703
1757015263.0735452,202.41,571.87,bid,1757015262772
1757015263.0735452,202.42,517.36,ask,1757015262772
1757015263.1625907,202.41,769.56,bid,1757015262854
1757015263.1625907,202.42,517.36,ask,1757015262854
1757015263.203052,202.41,745.54,bid,1757015262911
1757015263.203052,202.42,517.36,ask,1757015262911
1757015263.2798452,202.41,632.96,bid,1757015262999
1757015263.2798452,202.42,517.36,ask,1757015262999
1757015263.460239,202.41,454.12,bid,1757015263143
1757015263.460239,202.42,517.36,ask,1757015263143
1757015263.6549313,202.41,157.62,bid,1757015263336
1757015263.6549313,202.42,771.74,ask,1757015263336
1757015263.732861,202.41,5.9,bid,1757015263474
1757015263.732861,202.42,1018.76,ask,1757015263474
1757015263.8135881,202.41,0.14,bid,1757015263500
1757015263.8135881,202.42,1210.63,ask,1757015263500
1757015263.989734,202.41,0.14,bid,1757015263684
1757015263.989734,202.42,1220.5,ask,1757015263684
1757015264.0952055,202.41,0.14,bid,1757015263791
1757015264.0952055,202.42,1221.98,ask,1757015263791
1757015264.2021098,202.41,0.14,bid,1757015263872
1757015264.2021098,202.42,1234.27,ask,1757015263872
1757015264.4414535,202.41,0.14,bid,1757015264053
1757015264.4414535,202.42,1753.39,ask,1757015264053
1757015264.6661696,202.41,0.14,bid,1757015264338
1757015264.6661696,202.42,1741.1,ask,1757015264338
1757015265.3753903,202.41,250.74,bid,1757015264689
1757015265.3753903,202.42,1609.83,ask,1757015264689
1757015267.9973762,202.41,559.51,bid,1757015265227
1757015267.9973762,202.42,932.63,ask,1757015265227
1757015268.2837763,202.41,361.82,bid,1757015265360
1757015268.2837763,202.42,934.11,ask,1757015265360
1757015268.2837763,202.41,0.14,bid,1757015265562
1757015268.2837763,202.42,1668.05,ask,1757015265562
1757015268.2837763,202.41,0.14,bid,1757015265688
1757015268.2837763,202.42,1437.26,ask,1757015265688
1757015268.2837763,202.41,0.14,bid,1757015265834
1757015268.2837763,202.42,1447.13,ask,1757015265834
1757015268.5251226,202.41,24.16,bid,1757015266782
1757015268.5251226,202.42,1447.13,ask,1757015266782
1757015268.5251226,202.41,24.16,bid,1757015266904
1757015268.5251226,202.42,1871.14,ask,1757015266904
1757015268.590574,202.41,24.16,bid,1757015267188
1757015268.590574,202.42,1828.75,ask,1757015267188
1757015268.698258,202.41,0.14,bid,1757015267277
1757015268.698258,202.42,1844.1,ask,1757015267277
1757015268.7661326,202.41,0.14,bid,1757015267487
1757015268.7661326,202.42,1992.31,ask,1757015267487
1757015268.8009567,202.41,0.14,bid,1757015267888
1757015268.8009567,202.42,2587.7,ask,1757015267888
1757015268.859303,202.41,0.14,bid,1757015268395
1757015268.859303,202.42,2589.18,ask,1757015268395
1757015269.1811688,202.41,0.14,bid,1757015268660
1757015269.1811688,202.42,2628.45,ask,1757015268660
1757015269.2492101,202.41,0.14,bid,1757015268923
1757015269.2492101,202.42,2044.79,ask,1757015268923
1757015269.5267522,202.41,0.14,bid,1757015269149
1757015269.5267522,202.42,2031.15,ask,1757015269149
1757015269.7622075,202.41,0.14,bid,1757015269430
1757015269.7622075,202.42,2015.8,ask,1757015269430
1757015270.071255,202.41,308.91,bid,1757015269544
1757015270.071255,202.42,1857.72,ask,1757015269544
1757015270.0749173,202.41,308.91,bid,1757015269632
1757015270.0749173,202.42,1398.15,ask,1757015269632
1757015270.5290754,202.41,332.93,bid,1757015269799
1757015270.5290754,202.42,1398.15,ask,1757015269799
1757015270.7124496,202.41,332.93,bid,1757015269999
1757015270.7124496,202.42,1368.39,ask,1757015269999
1757015270.7502701,202.41,332.93,bid,1757015270310
1757015270.7502701,202.42,1369.87,ask,1757015270310
1757015270.8754125,202.41,330.68,bid,1757015270588
1757015270.8754125,202.42,1369.87,ask,1757015270588
1757015271.0245383,202.41,753.89,bid,1757015270637
1757015271.0245383,202.42,723.44,ask,1757015270637
1757015271.138891,202.41,806.8,bid,1757015270689
1757015271.138891,202.42,630.05,ask,1757015270689
1757015271.2023723,202.41,940.34,bid,1757015270884
1757015271.2023723,202.42,636.89,ask,1757015270884
1757015271.4299834,202.41,1138.03,bid,1757015271043
1757015271.4299834,202.42,636.08,ask,1757015271043
1757015271.5071013,202.41,1434.51,bid,1757015271115
1757015271.5071013,202.42,412.68,ask,1757015271115
1757015271.730354,202.41,1319.67,bid,1757015271392
1757015271.730354,202.42,412.68,ask,1757015271392
1757015271.8084555,202.41,1013.01,bid,1757015271486
1757015271.8084555,202.42,412.68,ask,1757015271486
1757015271.9071374,202.41,1022.88,bid,1757015271594
1757015271.9071374,202.42,412.68,ask,1757015271594
1757015272.2505715,202.41,2078.55,bid,1757015271881
1757015272.2505715,202.42,377.68,ask,1757015271881
1757015272.282163,202.41,2078.55,bid,1757015271967
1757015272.282163,202.42,346.44,ask,1757015271967
1757015272.4514568,202.41,2078.55,bid,1757015272016
1757015272.4514568,202.42,335.27,ask,1757015272016
1757015273.0178506,202.41,1485.78,bid,1757015272675
1757015273.0178506,202.42,335.27,ask,1757015272675
1757015273.0992131,202.41,1337.57,bid,1757015272788
1757015273.0992131,202.42,335.27,ask,1757015272788
1757015273.207226,202.41,1022.88,bid,1757015272902
1757015273.207226,202.42,335.27,ask,1757015272902
1757015273.4801013,202.41,1022.88,bid,1757015273192
1757015273.4801013,202.42,335.94,ask,1757015273192
1757015273.5578268,202.41,1171.09,bid,1757015273295
1757015273.5578268,202.42,335.94,ask,1757015273295
1757015273.6908915,202.41,1479.86,bid,1757015273395
1757015273.6908915,202.42,335.27,ask,1757015273395
1757015273.91729,202.41,2072.63,bid,1757015273700
1757015273.91729,202.42,335.27,ask,1757015273700
1757015274.6831563,202.41,1479.86,bid,1757015274409
1757015274.6831563,202.42,335.27,ask,1757015274409
1757015274.7807086,202.41,1532.52,bid,1757015274501
1757015274.7807086,202.42,335.27,ask,1757015274501
1757015275.1428993,202.41,1532.52,bid,1757015274877
1757015275.1428993,202.42,335.93,ask,1757015274877
1757015275.9781399,202.41,2125.28,bid,1757015275276
1757015275.9781399,202.42,335.93,ask,1757015275276
1757015275.9839659,202.41,2542.23,bid,1757015275500
1757015275.9839659,202.42,335.93,ask,1757015275500
1757015275.9839659,202.41,2573.15,bid,1757015275581
1757015275.9839659,202.42,6.84,ask,1757015275581
1757015276.0918667,202.41,3165.92,bid,1757015275717
1757015276.0918667,202.45,24.76,ask,1757015275717
1757015276.1581051,202.44,318.36,bid,1757015275783
1757015276.1581051,202.45,24.76,ask,1757015275783
1757015276.1939018,202.44,394.13,bid,1757015275836
1757015276.1939018,202.45,24.76,ask,1757015275836
1757015276.246358,202.44,442.47,bid,1757015275900
1757015276.246358,202.45,23.38,ask,1757015275900
1757015276.4023557,202.44,1040.38,bid,1757015276021
1757015276.4023557,202.45,17.67,ask,1757015276021
1757015276.5189786,202.44,1874.19,bid,1757015276074
1757015276.5189786,202.45,5.67,ask,1757015276074
1757015276.5295522,202.44,2206.3,bid,1757015276262
1757015276.5295522,202.45,5.67,ask,1757015276262
1757015276.676107,202.44,2841.16,bid,1757015276377
1757015276.676107,202.45,5.67,ask,1757015276377
1757015276.7602212,202.44,2951.47,bid,1757015276467
1757015276.7602212,202.45,5.67,ask,1757015276467
1757015276.8942807,202.44,2823.99,bid,1757015276522
1757015276.8942807,202.46,19.29,ask,1757015276522
1757015276.9934313,202.45,1082.74,bid,1757015276621
1757015276.9934313,202.46,19.29,ask,1757015276621
1757015277.0414402,202.45,1537.55,bid,1757015276702
1757015277.0414402,202.46,19.29,ask,1757015276702
1757015277.24009,202.45,1726.12,bid,1757015276823
1757015277.24009,202.46,19.29,ask,1757015276823
1757015277.326439,202.45,2585.81,bid,1757015276904
1757015277.326439,202.46,19.29,ask,1757015276904
1757015277.4642632,202.45,3368.19,bid,1757015277025
1757015277.4642632,202.46,19.29,ask,1757015277025
1757015277.5125601,202.45,3064.71,bid,1757015277111
1757015277.5125601,202.46,19.29,ask,1757015277111
1757015277.5363212,202.45,2835.17,bid,1757015277181
1757015277.5363212,202.46,19.29,ask,1757015277181
1757015277.5469925,202.45,2768.67,bid,1757015277241
1757015277.5469925,202.46,19.29,ask,1757015277241
1757015277.6546206,202.45,2331.5,bid,1757015277324
1757015277.6546206,202.46,19.29,ask,1757015277324
1757015278.0217354,202.45,2230.38,bid,1757015277627
1757015278.0217354,202.46,19.29,ask,1757015277627
1757015278.11319,202.45,1637.72,bid,1757015277724
1757015278.11319,202.46,19.29,ask,1757015277724
1757015278.168542,202.45,1607.99,bid,1757015277826
1757015278.168542,202.47,349.61,ask,1757015277826
1757015278.2497878,202.46,698.65,bid,1757015277922
1757015278.2497878,202.47,349.61,ask,1757015277922
1757015278.3815522,202.46,1272.27,bid,1757015278026
1757015278.3815522,202.47,349.61,ask,1757015278026
1757015278.4496577,202.46,1551.65,bid,1757015278124
1757015278.4496577,202.47,24.25,ask,1757015278124
1757015278.5882509,202.46,2093.05,bid,1757015278202
1757015278.5882509,202.47,24.25,ask,1757015278202
1757015278.673724,202.46,2783.92,bid,1757015278323
1757015278.673724,202.47,94.59,ask,1757015278323
1757015278.8031964,202.46,1918.65,bid,1757015278432
1757015278.8031964,202.47,737.21,ask,1757015278432
1757015278.8544495,202.46,1556.16,bid,1757015278524
1757015278.8544495,202.47,24.25,ask,1757015278524
1757015278.9629562,202.46,1556.16,bid,1757015278631
1757015278.9629562,202.47,172.42,ask,1757015278631
1757015279.0702784,202.46,1475.66,bid,1757015278725
1757015279.0702784,202.47,172.42,ask,1757015278725
1757015279.2096786,202.46,1465.16,bid,1757015278830
1757015279.2096786,202.47,182.29,ask,1757015278830
1757015279.28923,202.46,1039.67,bid,1757015278923
1757015279.28923,202.47,34.12,ask,1757015278923
1757015279.4239419,202.46,1039.67,bid,1757015279036
1757015279.4239419,202.47,34.73,ask,1757015279036
1757015279.5823085,202.46,964.96,bid,1757015279323
1757015279.5823085,202.47,823.47,ask,1757015279323
1757015279.6568713,202.46,953.57,bid,1757015279381
1757015279.6568713,202.47,822.81,ask,1757015279381
1757015279.766326,202.46,953.57,bid,1757015279529
1757015279.766326,202.47,110.51,ask,1757015279529
1757015279.8638797,202.46,953.57,bid,1757015279584
1757015279.8638797,202.47,34.07,ask,1757015279584
1757015279.9744895,202.46,1012.0,bid,1757015279729
1757015279.9744895,202.47,22.12,ask,1757015279729
1757015280.0745342,202.46,1046.74,bid,1757015279782
1757015280.0745342,202.47,12.25,ask,1757015279782
1757015280.9727778,202.46,1012.0,bid,1757015280184
1757015280.9727778,202.47,12.25,ask,1757015280184
1757015280.9727778,202.46,1012.11,bid,1757015280405
1757015280.9727778,202.47,12.25,ask,1757015280405
1757015281.0699737,202.46,854.66,bid,1757015280647
1757015281.0699737,202.47,1499.91,ask,1757015280647
1757015281.2327054,202.46,499.78,bid,1757015280881
1757015281.2327054,202.47,1593.16,ask,1757015280881
1757015281.6197574,202.46,499.78,bid,1757015281274
1757015281.6197574,202.47,1603.03,ask,1757015281274
1757015282.035453,202.46,499.78,bid,1757015281654
1757015282.035453,202.47,1568.16,ask,1757015281654
1757015282.1553295,202.46,651.45,bid,1757015281655
1757015282.1553295,202.47,590.1,ask,1757015281655
1757015282.2378132,202.46,1011.96,bid,1757015281850
1757015282.2378132,202.47,104.84,ask,1757015281850
1757015282.4870946,202.46,1684.31,bid,1757015282080
1757015282.4870946,202.47,92.59,ask,1757015282080
1757015282.6500697,202.46,1980.38,bid,1757015282179
1757015282.6500697,202.48,1.48,ask,1757015282179
1757015282.7096908,202.54,197.56,bid,1757015282378
1757015282.7096908,202.55,884.8,ask,1757015282378
1757015282.7509534,202.54,349.23,bid,1757015282436
1757015282.7509534,202.55,884.8,ask,1757015282436
1757015282.8467295,202.54,349.23,bid,1757015282579
1757015282.8467295,202.55,2150.61,ask,1757015282579
1757015283.007357,202.54,349.23,bid,1757015282644
1757015283.007357,202.55,1749.47,ask,1757015282644
1757015283.0860333,202.54,373.24,bid,1757015282732
1757015283.0860333,202.55,1039.04,ask,1757015282732
1757015283.144043,202.54,373.24,bid,1757015282780
1757015283.144043,202.55,1058.05,ask,1757015282780
1757015283.1752863,202.54,221.57,bid,1757015282886
1757015283.1752863,202.55,1019.79,ask,1757015282886
1757015283.2554722,202.54,221.57,bid,1757015282957
1757015283.2554722,202.55,1080.67,ask,1757015282957
1757015283.4361892,202.54,221.57,bid,1757015283107
1757015283.4361892,202.55,1207.53,ask,1757015283107
1757015283.5472572,202.54,221.57,bid,1757015283239
1757015283.5472572,202.55,1201.45,ask,1757015283239
1757015283.690596,202.54,221.57,bid,1757015283366
1757015283.690596,202.55,1211.32,ask,1757015283366
1757015283.790876,202.54,221.57,bid,1757015283494
1757015283.790876,202.55,1236.98,ask,1757015283494
1757015283.8929634,202.54,221.87,bid,1757015283564
1757015283.8929634,202.55,1483.81,ask,1757015283564
1757015284.1146007,202.54,221.87,bid,1757015283762
1757015284.1146007,202.55,2277.29,ask,1757015283762
1757015284.1340258,202.54,221.87,bid,1757015283864
1757015284.1340258,202.55,2197.79,ask,1757015283864
1757015284.1443477,202.54,221.87,bid,1757015283929
1757015284.1443477,202.55,1500.58,ask,1757015283929
1757015284.357669,202.54,221.81,bid,1757015284000
1757015284.357669,202.55,1501.24,ask,1757015284000
1757015284.5629525,202.54,221.81,bid,1757015284217
1757015284.5629525,202.55,1618.0,ask,1757015284217
1757015284.58683,202.54,221.81,bid,1757015284291
1757015284.58683,202.55,2459.82,ask,1757015284291
1757015284.6038728,202.54,221.81,bid,1757015284350
1757015284.6038728,202.55,2472.92,ask,1757015284350
1757015284.7454224,202.54,318.21,bid,1757015284490
1757015284.7454224,202.55,1055.41,ask,1757015284490
1757015284.815027,202.54,318.21,bid,1757015284552
1757015284.815027,202.55,781.58,ask,1757015284552
1757015284.8820648,202.54,318.21,bid,1757015284620
1757015284.8820648,202.55,540.87,ask,1757015284620
1757015284.9770484,202.54,318.02,bid,1757015284693
1757015284.9770484,202.55,520.48,ask,1757015284693
1757015285.0676057,202.54,318.02,bid,1757015284754
1757015285.0676057,202.55,534.22,ask,1757015284754
1757015285.1408916,202.54,318.02,bid,1757015284893
1757015285.1408916,202.55,533.07,ask,1757015284893
1757015285.8065789,202.54,318.02,bid,1757015285154
1757015285.8065789,202.55,546.53,ask,1757015285154
1757015285.8071048,202.54,318.02,bid,1757015285307
1757015285.8071048,202.55,533.07,ask,1757015285307
1757015285.999639,202.54,317.64,bid,1757015285498
1757015285.999639,202.55,533.07,ask,1757015285498
1757015286.5562854,202.54,363.3,bid,1757015286222
1757015286.5562854,202.55,533.07,ask,1757015286222
1757015286.6743221,202.54,623.57,bid,1757015286284
1757015286.6743221,202.55,329.73,ask,1757015286284
1757015286.8519378,202.54,1102.28,bid,1757015286391
1757015286.8519378,202.55,230.99,ask,1757015286391
1757015286.8627205,202.54,1210.89,bid,1757015286452
1757015286.8627205,202.56,288.97,ask,1757015286452
1757015286.946908,202.55,632.12,bid,1757015286557
1757015286.946908,202.56,288.97,ask,1757015286557
1757015287.0218883,202.55,1389.56,bid,1757015286623
1757015287.0218883,202.56,288.97,ask,1757015286623
1757015287.132697,202.55,2316.1,bid,1757015286739
1757015287.132697,202.56,288.97,ask,1757015286739
1757015287.315971,202.55,2483.3,bid,1757015286920
1757015287.315971,202.56,288.97,ask,1757015286920
1757015287.4918368,202.55,3322.94,bid,1757015287028
1757015287.4918368,202.56,288.97,ask,1757015287028
1757015287.6166492,202.55,2358.42,bid,1757015287142
1757015287.6166492,202.56,288.97,ask,1757015287142
1757015287.7600636,202.55,1666.92,bid,1757015287352
1757015287.7600636,202.56,288.97,ask,1757015287352
1757015287.7751558,202.55,2795.55,bid,1757015287427
1757015287.7751558,202.58,1.48,ask,1757015287427
1757015287.8976884,202.57,455.77,bid,1757015287523
1757015287.8976884,202.58,1.48,ask,1757015287523
1757015288.0454571,202.57,1066.5,bid,1757015287658
1757015288.0454571,202.59,8.08,ask,1757015287658
1757015288.1306446,202.58,35.0,bid,1757015287754
1757015288.1306446,202.59,8.08,ask,1757015287754
1757015288.191823,202.58,126.0,bid,1757015287820
1757015288.191823,202.59,8.08,ask,1757015287820
1757015288.4481978,202.58,189.37,bid,1757015287959
1757015288.4481978,202.59,8.08,ask,1757015287959
1757015288.5450008,202.58,1475.54,bid,1757015288030
1757015288.5450008,202.59,8.08,ask,1757015288030
1757015288.5455248,202.58,1603.93,bid,1757015288144
1757015288.5455248,202.59,8.08,ask,1757015288144
1757015288.688725,202.58,2933.03,bid,1757015288256
1757015288.688725,202.59,7.16,ask,1757015288256
1757015288.8194954,202.58,3222.05,bid,1757015288477
1757015288.8194954,202.59,7.16,ask,1757015288477
1757015289.00061,202.58,3193.79,bid,1757015288684
1757015289.00061,202.59,7.16,ask,1757015288684
1757015289.1591501,202.58,2792.91,bid,1757015288783
1757015289.1591501,202.59,7.16,ask,1757015288783
1757015289.2771308,202.58,2359.27,bid,1757015288856
1757015289.2771308,202.59,7.16,ask,1757015288856
1757015289.3475866,202.58,1666.98,bid,1757015288976
1757015289.3475866,202.59,7.16,ask,1757015288976
1757015289.5025642,202.58,1201.55,bid,1757015289075
1757015289.5025642,202.59,7.16,ask,1757015289075
1757015289.6576352,202.59,318.68,bid,1757015289270
1757015289.6576352,202.6,225.76,ask,1757015289270
1757015289.7411454,202.59,666.88,bid,1757015289391
1757015289.7411454,202.6,225.76,ask,1757015289391
1757015289.7411454,202.59,1077.32,bid,1757015289439
1757015289.7411454,202.6,225.76,ask,1757015289439
1757015289.9299626,202.59,1557.57,bid,1757015289574
1757015289.9299626,202.61,10.51,ask,1757015289574
1757015290.0529747,202.6,133.88,bid,1757015289675
1757015290.0529747,202.61,10.51,ask,1757015289675
1757015290.145513,202.6,159.21,bid,1757015289775
1757015290.145513,202.62,1.48,ask,1757015289775
1757015290.230228,202.61,260.97,bid,1757015289876
1757015290.230228,202.62,1.48,ask,1757015289876
1757015290.3200865,202.61,758.85,bid,1757015289976
1757015290.3200865,202.62,1.48,ask,1757015289976
1757015290.4911032,202.61,1081.79,bid,1757015290074
1757015290.4911032,202.62,1.38,ask,1757015290074
1757015290.860213,202.61,1064.3,bid,1757015290185
1757015290.860213,202.62,217.93,ask,1757015290185
1757015291.2323878,202.61,2008.66,bid,1757015290286
1757015291.2323878,202.62,217.93,ask,1757015290286
1757015291.2323878,202.61,1981.14,bid,1757015290451
1757015291.2323878,202.62,408.32,ask,1757015290451
1757015291.5019972,202.61,1970.64,bid,1757015290581
1757015291.5019972,202.62,408.32,ask,1757015290581
1757015291.5238104,202.61,1721.06,bid,1757015290805
1757015291.5238104,202.62,408.32,ask,1757015290805
1757015291.6475315,202.61,1701.3,bid,1757015290983
1757015291.6475315,202.62,408.32,ask,1757015290983
1757015291.6922338,202.61,1517.72,bid,1757015291209
1757015291.6922338,202.62,507.03,ask,1757015291209
1757015291.832132,202.61,1715.27,bid,1757015291286
1757015291.832132,202.62,315.26,ask,1757015291286
1757015291.9865067,202.61,1123.08,bid,1757015291339
1757015291.9865067,202.62,315.26,ask,1757015291339
1757015291.9865067,202.61,817.13,bid,1757015291501
1757015291.9865067,202.62,315.26,ask,1757015291501
1757015292.0752282,202.61,1112.78,bid,1757015291661
1757015292.0752282,202.62,98.71,ask,1757015291661
1757015292.2812214,202.61,1177.42,bid,1757015291821
1757015292.2812214,202.64,20.68,ask,1757015291821
1757015292.4916637,202.63,341.05,bid,1757015292009
1757015292.4916637,202.64,20.68,ask,1757015292009
1757015292.506573,202.63,985.81,bid,1757015292122
1757015292.506573,202.64,20.68,ask,1757015292122
1757015292.5419319,202.63,1221.75,bid,1757015292200
1757015292.5419319,202.64,20.68,ask,1757015292200
1757015292.6211224,202.63,816.03,bid,1757015292299
1757015292.6211224,202.64,769.33,ask,1757015292299
1757015292.744014,202.63,565.4,bid,1757015292419
1757015292.744014,202.64,965.9,ask,1757015292419
1757015292.9502227,202.63,260.6,bid,1757015292605
1757015292.9502227,202.64,1398.54,ask,1757015292605
1757015292.988516,202.63,200.74,bid,1757015292703
1757015292.988516,202.64,1497.24,ask,1757015292703
1757015293.1325934,202.63,165.74,bid,1757015292752
1757015293.1325934,202.64,1497.24,ask,1757015292752
1757015293.2830195,202.63,165.74,bid,1757015292965
1757015293.2830195,202.64,799.06,ask,1757015292965
1757015293.3788106,202.63,165.74,bid,1757015293064
1757015293.3788106,202.64,682.93,ask,1757015293064
1757015293.7314456,202.63,165.74,bid,1757015293431
1757015293.7314456,202.64,701.18,ask,1757015293431
1757015294.0155241,202.63,141.08,bid,1757015293637
1757015294.0155241,202.64,2857.44,ask,1757015293637
1757015294.0780268,202.63,141.08,bid,1757015293721
1757015294.0780268,202.64,3542.06,ask,1757015293721
1757015294.2074633,202.63,129.85,bid,1757015293799
1757015294.2074633,202.64,2060.48,ask,1757015293799
1757015294.4423108,202.63,130.35,bid,1757015294022
1757015294.4423108,202.64,2670.04,ask,1757015294022
1757015294.6966238,202.63,130.35,bid,1757015294431
1757015294.6966238,202.64,2967.38,ask,1757015294431
1757015294.907388,202.63,0.5,bid,1757015294551
1757015294.907388,202.64,3056.83,ask,1757015294551
1757015294.9512928,202.63,0.5,bid,1757015294650
1757015294.9512928,202.64,3230.33,ask,1757015294650
1757015294.988838,202.63,0.5,bid,1757015294720
1757015294.988838,202.64,3526.38,ask,1757015294720
1757015295.187832,202.63,0.5,bid,1757015294937
1757015295.187832,202.64,3541.1,ask,1757015294937
1757015295.27959,202.63,0.5,bid,1757015294994
1757015295.27959,202.64,4642.53,ask,1757015294994
1757015295.467459,202.63,0.5,bid,1757015295163
1757015295.467459,202.64,4649.83,ask,1757015295163
1757015295.903092,202.63,0.5,bid,1757015295256
1757015295.903092,202.64,5144.7,ask,1757015295256
1757015296.258557,202.63,0.5,bid,1757015295397
1757015296.258557,202.64,5259.91,ask,1757015295397
1757015296.258557,202.63,0.5,bid,1757015295538
1757015296.258557,202.64,5384.19,ask,1757015295538
1757015296.383401,202.57,116.35,bid,1757015295660
1757015296.383401,202.64,5384.19,ask,1757015295660
1757015296.3994396,202.57,116.35,bid,1757015295815
1757015296.3994396,202.58,395.5,ask,1757015295815
1757015296.4609315,202.57,116.35,bid,1757015295951
1757015296.4609315,202.58,463.5,ask,1757015295951
1757015296.51312,202.57,97.06,bid,1757015296059
1757015296.51312,202.58,794.17,ask,1757015296059
1757015296.6166852,202.57,75.68,bid,1757015296138
1757015296.6166852,202.58,630.2,ask,1757015296138
1757015296.6581511,202.57,75.68,bid,1757015296270
1757015296.6581511,202.58,1966.53,ask,1757015296270
1757015296.7813993,202.57,75.68,bid,1757015296425
1757015296.7813993,202.58,2585.4,ask,1757015296425
1757015296.9289382,202.56,1.38,bid,1757015296426
1757015296.9289382,202.58,2761.14,ask,1757015296426
1757015297.1516092,202.53,209.45,bid,1757015296647
1757015297.1516092,202.55,3903.7,ask,1757015296647
1757015297.2915435,202.53,375.87,bid,1757015296757
1757015297.2915435,202.54,1048.82,ask,1757015296757
1757015297.309255,202.53,375.87,bid,1757015296863
1757015297.309255,202.54,2293.62,ask,1757015296863
1757015297.5128775,202.53,258.58,bid,1757015297034
1757015297.5128775,202.54,2392.85,ask,1757015297034
1757015297.6633887,202.53,257.2,bid,1757015297164
1757015297.6633887,202.54,2960.62,ask,1757015297164
1757015297.6642945,202.53,137.93,bid,1757015297235
1757015297.6642945,202.54,3990.99,ask,1757015297235
1757015297.7330735,202.53,128.06,bid,1757015297452
1757015297.7330735,202.54,5713.33,ask,1757015297452
1757015297.8652315,202.53,128.06,bid,1757015297510
1757015297.8652315,202.54,4308.8,ask,1757015297510
1757015298.0068192,202.53,177.46,bid,1757015297640
1757015298.0068192,202.54,3878.33,ask,1757015297640
1757015298.125164,202.53,177.46,bid,1757015297777
1757015298.125164,202.54,3088.39,ask,1757015297777
1757015298.277081,202.53,98.75,bid,1757015297864
1757015298.277081,202.54,4800.93,ask,1757015297864
1757015298.2994945,202.53,98.75,bid,1757015297935
1757015298.2994945,202.54,4706.09,ask,1757015297935
1757015298.4447267,202.51,88.19,bid,1757015298081
1757015298.4447267,202.54,4971.67,ask,1757015298081
1757015298.5457282,202.51,88.19,bid,1757015298183
1757015298.5457282,202.52,3555.07,ask,1757015298183
1757015298.6743631,202.51,73.38,bid,1757015298239
1757015298.6743631,202.52,7665.58,ask,1757015298239
1757015298.7678108,202.51,73.38,bid,1757015298373
1757015298.7678108,202.52,9167.67,ask,1757015298373
1757015298.8692608,202.51,73.38,bid,1757015298569
1757015298.8692608,202.52,12890.41,ask,1757015298569
1757015298.908869,202.51,73.38,bid,1757015298620
1757015298.908869,202.52,9320.18,ask,1757015298620
1757015298.979353,202.5,34.3,bid,1757015298688
1757015298.979353,202.52,9033.06,ask,1757015298688
1757015299.0622602,202.5,0.5,bid,1757015298746
1757015299.0622602,202.51,4929.19,ask,1757015298746
1757015299.1902628,202.5,0.5,bid,1757015298820
1757015299.1902628,202.51,8618.31,ask,1757015298820
1757015299.243265,202.5,0.5,bid,1757015298893
1757015299.243265,202.51,12964.22,ask,1757015298893
1757015299.4247015,202.5,0.5,bid,1757015298987
1757015299.4247015,202.51,18195.37,ask,1757015298987
1757015299.4247015,202.5,0.5,bid,1757015299060
1757015299.4247015,202.51,14887.99,ask,1757015299060
1757015299.4629695,202.5,35.25,bid,1757015299129
1757015299.4629695,202.51,9981.68,ask,1757015299129
1757015299.578363,202.5,59.93,bid,1757015299268
1757015299.578363,202.51,6039.96,ask,1757015299268
1757015299.643552,202.5,59.93,bid,1757015299369
1757015299.643552,202.51,4256.71,ask,1757015299369
1757015299.8742573,202.5,25.18,bid,1757015299423
1757015299.8742573,202.51,4292.1,ask,1757015299423
1757015299.9492154,202.5,0.5,bid,1757015299499
1757015299.9492154,202.51,4884.6,ask,1757015299499
1757015299.9492154,202.5,0.5,bid,1757015299601
1757015299.9492154,202.51,3597.99,ask,1757015299601
1757015300.096854,202.5,0.5,bid,1757015299709
1757015300.096854,202.51,3578.58,ask,1757015299709
1757015300.1126318,202.5,0.5,bid,1757015299800
1757015300.1126318,202.51,4499.42,ask,1757015299800
1757015300.1700141,202.5,0.5,bid,1757015299850
1757015300.1700141,202.51,4780.95,ask,1757015299850
1757015300.27648,202.5,0.5,bid,1757015299909
1757015300.27648,202.51,4802.35,ask,1757015299909
1757015300.487023,202.5,0.5,bid,1757015300008
1757015300.487023,202.51,5284.66,ask,1757015300008
1757015300.5375993,202.5,0.5,bid,1757015300087
1757015300.5375993,202.51,5376.75,ask,1757015300087
1757015300.573975,202.5,0.5,bid,1757015300160
1757015300.573975,202.51,5472.87,ask,1757015300160
1757015301.077292,202.5,0.27,bid,1757015300294
1757015301.077292,202.51,5472.87,ask,1757015300294
1757015301.17708,202.5,0.04,bid,1757015300519
1757015301.17708,202.51,5420.49,ask,1757015300519
1757015301.17708,202.46,1.38,bid,1757015300712
1757015301.17708,202.51,5420.49,ask,1757015300712
1757015301.268055,202.46,1.38,bid,1757015300813
1757015301.268055,202.47,3083.16,ask,1757015300813
1757015301.7150474,202.46,1.38,bid,1757015301020
1757015301.7150474,202.47,5447.08,ask,1757015301020
1757015301.8208668,202.46,63.23,bid,1757015301220
1757015301.8208668,202.47,2991.83,ask,1757015301220
1757015301.8208668,202.46,63.23,bid,1757015301274
1757015301.8208668,202.47,3084.41,ask,1757015301274
1757015301.9284053,202.46,285.48,bid,1757015301420
1757015301.9284053,202.47,2086.11,ask,1757015301420
1757015301.9284053,202.46,285.48,bid,1757015301521
1757015301.9284053,202.47,1512.76,ask,1757015301521
1757015301.9798074,202.46,285.48,bid,1757015301596
1757015301.9798074,202.47,1210.69,ask,1757015301596
1757015301.9798074,202.46,458.34,bid,1757015301655
1757015301.9798074,202.47,989.55,ask,1757015301655
1757015302.0366838,202.46,458.34,bid,1757015301713
1757015302.0366838,202.47,1049.18,ask,1757015301713
1757015302.0966895,202.46,433.66,bid,1757015301831
1757015302.0966895,202.47,655.1,ask,1757015301831
1757015302.1712067,202.46,443.53,bid,1757015301884
1757015302.1712067,202.47,562.52,ask,1757015301884
1757015302.3111486,202.46,468.21,bid,1757015301961
1757015302.3111486,202.47,562.52,ask,1757015301961
1757015302.566518,202.46,468.21,bid,1757015302105
1757015302.566518,202.47,512.56,ask,1757015302105
1757015302.8387227,202.46,566.99,bid,1757015302526
1757015302.8387227,202.47,505.3,ask,1757015302526
1757015303.0415971,202.46,572.75,bid,1757015302750
1757015303.0415971,202.47,306.25,ask,1757015302750
1757015303.4703035,202.46,572.75,bid,1757015303055
1757015303.4703035,202.47,306.64,ask,1757015303055
1757015303.6765761,202.46,1163.98,bid,1757015303332
1757015303.6765761,202.47,306.64,ask,1757015303332
1757015304.6013987,202.46,1170.77,bid,1757015304269
1757015304.6013987,202.47,306.64,ask,1757015304269
1757015304.7911286,202.46,578.14,bid,1757015304349
1757015304.7911286,202.47,306.64,ask,1757015304349
1757015304.9807405,202.46,578.14,bid,1757015304804
1757015304.9807405,202.47,306.42,ask,1757015304804
1757015305.5844467,202.46,538.65,bid,1757015305269
1757015305.5844467,202.47,306.42,ask,1757015305269
1757015306.0417273,202.46,563.33,bid,1757015305352
1757015306.0417273,202.47,306.42,ask,1757015305352
1757015306.3334086,202.46,613.82,bid,1757015305674
1757015306.3334086,202.47,306.42,ask,1757015305674
1757015306.5586743,202.46,613.76,bid,1757015306080
1757015306.5586743,202.47,306.42,ask,1757015306080
1757015306.5592015,202.46,1206.38,bid,1757015306150
1757015306.5592015,202.47,306.42,ask,1757015306150
1757015306.836791,202.46,1206.38,bid,1757015306485
1757015306.836791,202.47,291.34,ask,1757015306485
1757015307.0744548,202.46,619.98,bid,1757015306819
1757015307.0744548,202.47,291.34,ask,1757015306819
1757015307.2697964,202.46,3111.03,bid,1757015306944
1757015307.2697964,202.47,69.37,ask,1757015306944
1757015307.432493,202.46,2049.52,bid,1757015307014
1757015307.432493,202.51,1.38,ask,1757015307014
1757015307.5375159,202.5,220.32,bid,1757015307173
1757015307.5375159,202.51,1.38,ask,1757015307173
1757015307.590919,202.5,846.1,bid,1757015307291
1757015307.590919,202.51,1.38,ask,1757015307291
1757015307.779739,202.5,1526.39,bid,1757015307371
1757015307.779739,202.52,12.0,ask,1757015307371
1757015307.8302116,202.51,45.5,bid,1757015307493
1757015307.8302116,202.54,20.75,ask,1757015307493
1757015307.9537902,202.53,53.49,bid,1757015307593
1757015307.9537902,202.54,20.75,ask,1757015307593
1757015308.0612075,202.53,527.32,bid,1757015307693
1757015308.0612075,202.54,20.75,ask,1757015307693
1757015308.0612075,202.53,1846.71,bid,1757015307775
1757015308.0612075,202.54,20.75,ask,1757015307775
1757015308.2010906,202.53,2197.51,bid,1757015307837
1757015308.2010906,202.54,20.75,ask,1757015307837
1757015308.2573311,202.53,2564.18,bid,1757015307995
1757015308.2573311,202.54,20.75,ask,1757015307995
1757015308.5161808,202.53,2917.74,bid,1757015308047
1757015308.5161808,202.54,0.08,ask,1757015308047
1757015308.584202,202.53,2926.89,bid,1757015308252
1757015308.584202,202.54,0.08,ask,1757015308252
1757015308.9060955,202.53,3164.01,bid,1757015308566
1757015308.9060955,202.54,0.08,ask,1757015308566
1757015309.0249963,202.53,3176.35,bid,1757015308664
1757015309.0249963,202.54,0.08,ask,1757015308664
1757015309.131952,202.53,3182.27,bid,1757015308806
1757015309.131952,202.54,0.08,ask,1757015308806
1757015309.3843157,202.53,3182.27,bid,1757015309012
1757015309.3843157,202.54,0.03,ask,1757015309012
1757015309.5618668,202.53,3195.86,bid,1757015309164
1757015309.5618668,202.57,2.76,ask,1757015309164
1757015309.5711153,202.56,852.26,bid,1757015309216
1757015309.5711153,202.57,2.76,ask,1757015309216
1757015309.7468846,202.56,955.38,bid,1757015309393
1757015309.7468846,202.57,2.76,ask,1757015309393
1757015309.7897646,202.56,1193.16,bid,1757015309451
1757015309.7897646,202.57,2.76,ask,1757015309451
1757015309.8598,202.56,1205.87,bid,1757015309503
1757015309.8598,202.57,2.76,ask,1757015309503
1757015309.9995484,202.56,1227.07,bid,1757015309603
1757015309.9995484,202.57,1.38,ask,1757015309603
1757015310.0831802,202.56,1208.87,bid,1757015309727
1757015310.0831802,202.57,1.38,ask,1757015309727
1757015310.2164016,202.56,1679.08,bid,1757015309783
1757015310.2164016,202.57,291.9,ask,1757015309783
1757015310.2578475,202.56,1826.27,bid,1757015309906
1757015310.2578475,202.57,291.9,ask,1757015309906
1757015310.3339572,202.56,2013.51,bid,1757015309986
1757015310.3339572,202.57,1.38,ask,1757015309986
1757015310.4220986,202.56,1968.01,bid,1757015310107
1757015310.4220986,202.57,1.38,ask,1757015310107
1757015310.4617734,202.56,1375.69,bid,1757015310178
1757015310.4617734,202.57,1.38,ask,1757015310178
1757015310.5704138,202.56,1788.9,bid,1757015310240
1757015310.5704138,202.57,1.38,ask,1757015310240
1757015311.1186035,202.56,1202.42,bid,1757015310386
1757015311.1186035,202.57,1.38,ask,1757015310386
1757015311.409885,202.56,1167.55,bid,1757015310519
1757015311.409885,202.57,1.38,ask,1757015310519
1757015311.7440372,202.56,1754.12,bid,1757015311293
1757015311.7440372,202.57,193.17,ask,1757015311293
1757015311.8514454,202.56,1050.33,bid,1757015311525
1757015311.8514454,202.57,285.71,ask,1757015311525
1757015311.9264548,202.56,852.72,bid,1757015311611
1757015311.9264548,202.57,93.92,ask,1757015311611
1757015312.3445203,202.56,665.48,bid,1757015311929
1757015312.3445203,202.57,192.65,ask,1757015311929
1757015312.4481182,202.56,607.83,bid,1757015312051
1757015312.4481182,202.57,384.44,ask,1757015312051
1757015312.5242407,202.56,657.5,bid,1757015312129
1757015312.5242407,202.57,384.44,ask,1757015312129
1757015312.6343052,202.56,709.24,bid,1757015312307
1757015312.6343052,202.57,384.44,ask,1757015312307
1757015312.7186015,202.56,659.57,bid,1757015312358
1757015312.7186015,202.57,384.44,ask,1757015312358
1757015313.0536044,202.56,653.65,bid,1757015312658
1757015313.0536044,202.57,384.44,ask,1757015312658
1757015313.367745,202.56,659.57,bid,1757015312853
1757015313.367745,202.57,384.44,ask,1757015312853
1757015313.368802,202.56,648.26,bid,1757015312933
1757015313.368802,202.57,384.44,ask,1757015312933
1757015313.856868,202.56,1666.67,bid,1757015313467
1757015313.856868,202.57,291.9,ask,1757015313467
1757015313.9307096,202.56,1884.96,bid,1757015313537
1757015313.9307096,202.57,193.17,ask,1757015313537
1757015314.0063827,202.56,2111.91,bid,1757015313636
1757015314.0063827,202.59,348.12,ask,1757015313636
1757015314.0147774,202.58,527.67,bid,1757015313695
1757015314.0147774,202.59,336.12,ask,1757015313695
1757015314.0346038,202.58,943.77,bid,1757015313776
1757015314.0346038,202.59,336.12,ask,1757015313776
1757015314.0707254,202.58,1186.35,bid,1757015313864
1757015314.0707254,202.59,336.12,ask,1757015313864
1757015314.248378,202.58,1615.57,bid,1757015313927
1757015314.248378,202.59,336.12,ask,1757015313927
1757015314.3505816,202.58,1945.2,bid,1757015314016
1757015314.3505816,202.59,336.12,ask,1757015314016
1757015314.4561846,202.58,1895.02,bid,1757015314084
1757015314.4561846,202.59,336.12,ask,1757015314084
1757015314.4745333,202.58,1891.88,bid,1757015314141
1757015314.4745333,202.59,336.12,ask,1757015314141
1757015314.5174837,202.58,1418.46,bid,1757015314256
1757015314.5174837,202.59,719.56,ask,1757015314256
1757015314.564183,202.58,1383.46,bid,1757015314309
1757015314.564183,202.59,719.56,ask,1757015314309
1757015314.6373518,202.58,982.54,bid,1757015314385
1757015314.6373518,202.59,1530.16,ask,1757015314385
1757015314.7063715,202.58,785.02,bid,1757015314439
1757015314.7063715,202.59,1530.16,ask,1757015314439
1757015314.7611997,202.58,773.8,bid,1757015314508
1757015314.7611997,202.59,774.71,ask,1757015314508
1757015314.8680425,202.58,571.86,bid,1757015314575
1757015314.8680425,202.59,774.71,ask,1757015314575
1757015314.974294,202.58,585.46,bid,1757015314707
1757015314.974294,202.59,1495.81,ask,1757015314707
1757015315.314757,202.58,585.74,bid,1757015314945
1757015315.314757,202.59,607.33,ask,1757015314945
1757015315.4823258,202.58,600.54,bid,1757015315063
1757015315.4823258,202.59,755.42,ask,1757015315063
1757015315.5014138,202.58,650.87,bid,1757015315180
1757015315.5014138,202.59,755.42,ask,1757015315180
1757015316.4386318,202.58,601.15,bid,1757015315482
1757015316.4386318,202.59,755.42,ask,1757015315482
1757015316.6827972,202.58,1281.94,bid,1757015315750
1757015316.6827972,202.59,255.9,ask,1757015315750
1757015316.6837988,202.58,1306.94,bid,1757015315844
1757015316.6837988,202.59,255.9,ask,1757015315844
1757015316.6916614,202.58,1491.73,bid,1757015316088
1757015316.6916614,202.59,8.74,ask,1757015316088
1757015316.6921895,202.58,1176.52,bid,1757015316207
1757015316.6921895,202.59,8.74,ask,1757015316207
1757015316.9222465,202.58,1125.32,bid,1757015316434
1757015316.9222465,202.59,8.74,ask,1757015316434
1757015316.9413984,202.58,974.71,bid,1757015316578
1757015316.9413984,202.59,8.74,ask,1757015316578
1757015317.009204,202.58,859.0,bid,1757015316638
1757015317.009204,202.59,98.72,ask,1757015316638
1757015317.4394886,202.58,1451.27,bid,1757015316982
1757015317.4394886,202.59,98.72,ask,1757015316982
1757015317.4520068,202.58,1608.48,bid,1757015317098
1757015317.4520068,202.59,98.72,ask,1757015317098
1757015317.4975545,202.58,824.0,bid,1757015317221
1757015317.4975545,202.59,98.72,ask,1757015317221
1757015317.9337647,202.58,818.08,bid,1757015317655
1757015317.9337647,202.59,98.72,ask,1757015317655
1757015318.244303,202.58,700.6,bid,1757015317850
1757015318.244303,202.59,148.65,ask,1757015317850
1757015318.2616916,202.58,382.89,bid,1757015317924
1757015318.2616916,202.59,1462.89,ask,1757015317924
1757015318.3682897,202.58,382.89,bid,1757015318051
1757015318.3682897,202.59,1360.82,ask,1757015318051
1757015318.406922,202.58,382.89,bid,1757015318132
1757015318.406922,202.59,340.43,ask,1757015318132
1757015318.756237,202.58,278.24,bid,1757015318389
1757015318.756237,202.59,460.58,ask,1757015318389
1757015318.8375227,202.58,278.24,bid,1757015318518
1757015318.8375227,202.59,470.45,ask,1757015318518
1757015319.0269363,202.58,337.69,bid,1757015318729
1757015319.0269363,202.59,1392.43,ask,1757015318729
1757015319.1380634,202.58,535.14,bid,1757015318872
1757015319.1380634,202.59,838.11,ask,1757015318872
1757015319.2437925,202.58,560.14,bid,1757015318940
1757015319.2437925,202.61,631.02,ask,1757015318940
1757015319.3415563,202.6,109.97,bid,1757015318994
1757015319.3415563,202.61,529.02,ask,1757015318994
1757015319.3945937,202.6,647.24,bid,1757015319077
1757015319.3945937,202.61,183.68,ask,1757015319077
1757015319.4696007,202.6,1394.21,bid,1757015319136
1757015319.4696007,202.61,183.68,ask,1757015319136
1757015319.6958933,202.6,1160.04,bid,1757015319395
1757015319.6958933,202.61,1014.85,ask,1757015319395
1757015319.823222,202.6,561.59,bid,1757015319500
1757015319.823222,202.61,1299.32,ask,1757015319500
1757015319.9016647,202.6,313.85,bid,1757015319552
1757015319.9016647,202.61,1315.5,ask,1757015319552
1757015320.1375837,202.6,903.25,bid,1757015319850
1757015320.1375837,202.61,1145.2,ask,1757015319850
1757015320.2044585,202.6,1298.06,bid,1757015319902
1757015320.2044585,202.61,762.4,ask,1757015319902
1757015320.2523143,202.6,1520.48,bid,1757015319998
1757015320.2523143,202.61,1.38,ask,1757015319998
1757015320.477187,202.6,1718.07,bid,1757015320059
1757015320.477187,202.61,1.38,ask,1757015320059
1757015320.5382936,202.6,1743.28,bid,1757015320181
1757015320.5382936,202.61,1.38,ask,1757015320181
1757015320.6238372,202.6,2335.44,bid,1757015320327
1757015320.6238372,202.61,1.38,ask,1757015320327
1757015320.6918027,202.61,334.65,bid,1757015320401
1757015320.6918027,202.62,268.43,ask,1757015320401
1757015320.7780619,202.61,1294.52,bid,1757015320482
1757015320.7780619,202.62,268.43,ask,1757015320482
1757015321.3145783,202.61,1853.26,bid,1757015320553
1757015321.3145783,202.62,269.91,ask,1757015320553
1757015321.6252258,202.61,2260.58,bid,1757015320708
1757015321.6252258,202.62,269.91,ask,1757015320708
1757015321.6393902,202.61,1886.25,bid,1757015320854
1757015321.6393902,202.62,269.91,ask,1757015320854
1757015321.6393902,202.61,2551.56,bid,1757015320964
1757015321.6393902,202.62,271.05,ask,1757015320964
1757015321.6393902,202.61,2255.43,bid,1757015321066
1757015321.6393902,202.62,271.05,ask,1757015321066
1757015321.6393902,202.61,1642.24,bid,1757015321267
1757015321.6393902,202.62,271.05,ask,1757015321267
1757015321.853406,202.61,1444.74,bid,1757015321369
1757015321.853406,202.62,271.05,ask,1757015321369
1757015321.853406,202.61,1789.76,bid,1757015321470
1757015321.853406,202.62,271.05,ask,1757015321470
1757015321.853406,202.61,1814.76,bid,1757015321572
1757015321.853406,202.62,271.05,ask,1757015321572
1757015321.958453,202.61,2012.11,bid,1757015321623
1757015321.958453,202.62,271.05,ask,1757015321623
1757015322.3088033,202.61,2012.11,bid,1757015321817
1757015322.3088033,202.62,269.91,ask,1757015321817
1757015322.6076498,202.61,2407.26,bid,1757015322226
1757015322.6076498,202.62,269.91,ask,1757015322226
1757015322.9827507,202.61,2407.26,bid,1757015322630
1757015322.9827507,202.62,1.48,ask,1757015322630
1757015323.0886633,202.61,2407.26,bid,1757015322701
1757015323.0886633,202.63,11.43,ask,1757015322701
1757015323.2009764,202.62,800.9,bid,1757015322791
1757015323.2009764,202.63,5.7,ask,1757015322791
1757015323.2798622,202.62,1206.96,bid,1757015322856
1757015323.2798622,202.63,5.7,ask,1757015322856
1757015323.322198,202.62,1497.01,bid,1757015322975
1757015323.322198,202.63,5.7,ask,1757015322975
1757015323.4631147,202.62,2145.71,bid,1757015323041
1757015323.4631147,202.64,1.48,ask,1757015323041
1757015323.55216,202.63,570.98,bid,1757015323149
1757015323.55216,202.64,2.96,ask,1757015323149
1757015323.5786839,202.63,690.26,bid,1757015323271
1757015323.5786839,202.64,2.96,ask,1757015323271
1757015323.6731958,202.63,939.01,bid,1757015323400
1757015323.6731958,202.64,2.96,ask,1757015323400
1757015323.8109841,202.63,1774.16,bid,1757015323447
1757015323.8109841,202.64,2.96,ask,1757015323447
1757015323.8481812,202.63,2363.01,bid,1757015323496
1757015323.8481812,202.64,2.96,ask,1757015323496
1757015323.9097872,202.63,2195.57,bid,1757015323590
1757015323.9097872,202.64,2.96,ask,1757015323590
1757015324.131553,202.63,753.18,bid,1757015323756
1757015324.131553,202.64,1740.73,ask,1757015323756
1757015324.239334,202.63,721.68,bid,1757015323853
1757015324.239334,202.64,1793.28,ask,1757015323853
1757015324.3814244,202.63,376.69,bid,1757015323961
1757015324.3814244,202.64,1853.06,ask,1757015323961
1757015324.5561929,202.63,179.2,bid,1757015324055
1757015324.5561929,202.64,1866.81,ask,1757015324055
1757015324.6449082,202.63,179.2,bid,1757015324203
1757015324.6449082,202.64,2458.92,ask,1757015324203
1757015324.9942155,202.63,179.2,bid,1757015324569
1757015324.9942155,202.64,1878.27,ask,1757015324569
1757015325.093908,202.63,179.2,bid,1757015324659
1757015325.093908,202.64,2470.38,ask,1757015324659
1757015325.4840064,202.63,179.59,bid,1757015325061
1757015325.4840064,202.64,2470.38,ask,1757015325061
1757015325.5850575,202.63,179.59,bid,1757015325122
1757015325.5850575,202.64,1834.15,ask,1757015325122
1757015325.5850575,202.63,179.59,bid,1757015325190
1757015325.5850575,202.64,1851.81,ask,1757015325190
1757015325.585602,202.63,214.38,bid,1757015325262
1757015325.585602,202.64,1851.81,ask,1757015325262
1757015325.655604,202.63,179.59,bid,1757015325388
1757015325.655604,202.64,1842.69,ask,1757015325388
1757015325.796979,202.63,179.59,bid,1757015325464
1757015325.796979,202.64,2434.81,ask,1757015325464
1757015325.908799,202.63,179.59,bid,1757015325523
1757015325.908799,202.64,2730.86,ask,1757015325523
1757015326.345129,202.63,179.59,bid,1757015325601
1757015326.345129,202.64,2875.64,ask,1757015325601
1757015326.632472,202.63,0.39,bid,1757015325674
1757015326.632472,202.64,4592.03,ask,1757015325674
1757015326.6329925,202.63,0.39,bid,1757015325855
1757015326.6329925,202.64,4904.32,ask,1757015325855
1757015326.69585,202.63,0.39,bid,1757015326078
1757015326.69585,202.64,5029.99,ask,1757015326078
1757015326.7966473,202.63,0.39,bid,1757015326279
1757015326.7966473,202.64,5182.81,ask,1757015326279
1757015326.8455045,202.57,49.91,bid,1757015326464
1757015326.8455045,202.64,6027.58,ask,1757015326464
1757015326.924282,202.55,83.22,bid,1757015326523
1757015326.924282,202.58,321.07,ask,1757015326523
1757015327.0582638,202.55,40.73,bid,1757015326680
1757015327.0582638,202.56,31.5,ask,1757015326680
1757015327.2052264,202.55,40.73,bid,1757015326815
1757015327.2052264,202.58,465.4,ask,1757015326815
1757015327.4374783,202.55,29.06,bid,1757015326996
1757015327.4374783,202.56,574.18,ask,1757015326996
1757015327.4610465,202.55,34.77,bid,1757015327118
1757015327.4610465,202.56,653.8,ask,1757015327118
1757015327.6212611,202.55,133.51,bid,1757015327213
1757015327.6212611,202.56,633.23,ask,1757015327213
1757015327.8894758,202.55,34.77,bid,1757015327412
1757015327.8894758,202.56,657.78,ask,1757015327412
1757015328.12719,202.55,133.51,bid,1757015327582
1757015328.12719,202.56,600.74,ask,1757015327582
1757015328.1284091,202.55,133.51,bid,1757015327687
1757015328.1284091,202.56,612.97,ask,1757015327687
1757015328.2127538,202.55,34.77,bid,1757015327957
1757015328.2127538,202.56,612.97,ask,1757015327957
1757015328.2918813,202.55,133.51,bid,1757015328022
1757015328.2918813,202.56,612.97,ask,1757015328022
1757015328.3968618,202.55,133.51,bid,1757015328090
1757015328.3968618,202.56,629.15,ask,1757015328090
1757015328.505464,202.55,457.52,bid,1757015328168
1757015328.505464,202.56,604.15,ask,1757015328168
1757015328.556703,202.55,654.95,bid,1757015328223
1757015328.556703,202.56,535.48,ask,1757015328223
1757015328.6213562,202.55,852.43,bid,1757015328291
1757015328.6213562,202.56,307.27,ask,1757015328291
1757015328.667694,202.55,1267.51,bid,1757015328378
1757015328.667694,202.56,60.43,ask,1757015328378
1757015328.7449396,202.55,1717.8,bid,1757015328461
1757015328.7449396,202.56,10.5,ask,1757015328461
1757015328.9756308,202.55,2112.71,bid,1757015328599
1757015328.9756308,202.56,10.5,ask,1757015328599
1757015329.052484,202.55,2161.33,bid,1757015328676
1757015329.052484,202.56,10.5,ask,1757015328676
1757015329.1403694,202.55,2168.6,bid,1757015328850
1757015329.1403694,202.56,10.5,ask,1757015328850
1757015329.2324994,202.55,1586.13,bid,1757015328944
1757015329.2324994,202.56,10.5,ask,1757015328944
1757015329.3291225,202.55,2178.47,bid,1757015329013
1757015329.3291225,202.56,10.68,ask,1757015329013
1757015329.372373,202.55,2199.85,bid,1757015329070
1757015329.372373,202.56,10.68,ask,1757015329070
1757015329.4614527,202.55,2198.45,bid,1757015329145
1757015329.4614527,202.56,10.68,ask,1757015329145
1757015329.5848193,202.55,2359.02,bid,1757015329225
1757015329.5848193,202.56,10.68,ask,1757015329225
1757015329.6709325,202.55,2402.89,bid,1757015329300
1757015329.6709325,202.56,10.68,ask,1757015329300
1757015329.7657905,202.55,2411.84,bid,1757015329423
1757015329.7657905,202.56,10.68,ask,1757015329423
1757015329.7982104,202.55,2251.27,bid,1757015329500
1757015329.7982104,202.56,10.68,ask,1757015329500
1757015329.8893416,202.55,2547.45,bid,1757015329623
1757015329.8893416,202.56,10.68,ask,1757015329623
1757015329.9998991,202.55,2572.45,bid,1757015329676
1757015329.9998991,202.56,10.68,ask,1757015329676
1757015330.1902225,202.55,4417.73,bid,1757015329829
1757015330.1902225,202.56,10.68,ask,1757015329829
1757015330.2087297,202.55,4534.24,bid,1757015329892
1757015330.2087297,202.56,0.18,ask,1757015329892
1757015330.547806,202.55,4781.09,bid,1757015330076
1757015330.547806,202.56,0.18,ask,1757015330076
1757015330.5592825,202.55,5847.9,bid,1757015330241
1757015330.5592825,202.56,0.18,ask,1757015330241
1757015330.7266114,202.55,5941.15,bid,1757015330304
1757015330.7266114,202.56,0.18,ask,1757015330304
1757015331.256703,202.55,6005.19,bid,1757015330640
1757015331.256703,202.61,51.31,ask,1757015330640
1757015331.6017053,202.6,443.26,bid,1757015330787
1757015331.6017053,202.61,46.76,ask,1757015330787
1757015331.6017053,202.6,529.98,bid,1757015330954
1757015331.6017053,202.61,50.7,ask,1757015330954
1757015331.7275674,202.6,606.24,bid,1757015331129
1757015331.7275674,202.61,443.52,ask,1757015331129
1757015331.7275674,202.6,606.24,bid,1757015331263
1757015331.7275674,202.61,692.75,ask,1757015331263
1757015331.8296208,202.6,606.24,bid,1757015331324
1757015331.8296208,202.61,691.27,ask,1757015331324
1757015331.885739,202.6,571.24,bid,1757015331420
1757015331.885739,202.61,1280.55,ask,1757015331420
1757015331.885739,202.6,508.24,bid,1757015331493
1757015331.885739,202.61,2041.71,ask,1757015331493
1757015331.9080396,202.6,530.72,bid,1757015331595
1757015331.9080396,202.61,2357.81,ask,1757015331595
1757015332.0088754,202.6,232.48,bid,1757015331688
1757015332.0088754,202.61,2606.67,ask,1757015331688
1757015332.062784,202.6,232.48,bid,1757015331738
1757015332.062784,202.61,3222.56,ask,1757015331738
1757015332.141682,202.6,232.48,bid,1757015331800
1757015332.141682,202.61,3469.32,ask,1757015331800
1757015332.1689773,202.6,232.48,bid,1757015331864
1757015332.1689773,202.61,3485.5,ask,1757015331864
1757015332.2520907,202.6,232.48,bid,1757015331927
1757015332.2520907,202.61,3702.64,ask,1757015331927
1757015332.3600962,202.6,197.48,bid,1757015332000
1757015332.3600962,202.61,3815.8,ask,1757015332000
1757015332.41534,202.6,197.48,bid,1757015332102
1757015332.41534,202.61,3910.5,ask,1757015332102
1757015332.5243118,202.55,29.6,bid,1757015332171
1757015332.5243118,202.61,3949.65,ask,1757015332171
1757015332.78585,202.55,29.6,bid,1757015332292
1757015332.78585,202.56,4096.69,ask,1757015332292
1757015332.8442101,202.55,29.6,bid,1757015332475
1757015332.8442101,202.56,4112.87,ask,1757015332475
1757015332.8598392,202.55,29.6,bid,1757015332543
1757015332.8598392,202.56,4331.53,ask,1757015332543
1757015332.9474099,202.54,19.29,bid,1757015332643
1757015332.9474099,202.56,3398.85,ask,1757015332643
1757015332.9886556,202.54,19.29,bid,1757015332701
1757015332.9886556,202.55,4921.98,ask,1757015332701
1757015333.1301088,202.54,19.29,bid,1757015332851
1757015333.1301088,202.55,8205.08,ask,1757015332851
1757015333.237484,202.54,19.29,bid,1757015332912
1757015333.237484,202.55,15901.42,ask,1757015332912
1757015333.3961596,202.54,462.9,bid,1757015333047
1757015333.3961596,202.55,13186.07,ask,1757015333047
1757015333.4057286,202.54,907.24,bid,1757015333119
1757015333.4057286,202.55,1753.86,ask,1757015333119
1757015333.587064,202.54,907.24,bid,1757015333283
1757015333.587064,202.55,1778.86,ask,1757015333283
1757015333.6695342,202.54,907.24,bid,1757015333400
1757015333.6695342,202.55,1479.51,ask,1757015333400
1757015333.7718866,202.54,492.87,bid,1757015333464
1757015333.7718866,202.55,2060.71,ask,1757015333464
1757015333.864695,202.52,309.84,bid,1757015333533
1757015333.864695,202.55,2561.4,ask,1757015333533
1757015333.9363682,202.52,309.84,bid,1757015333665
1757015333.9363682,202.53,3422.19,ask,1757015333665
1757015333.9861813,202.52,309.84,bid,1757015333733
1757015333.9861813,202.53,5668.7,ask,1757015333733
1757015334.031152,202.52,309.84,bid,1757015333821
1757015334.031152,202.53,7693.03,ask,1757015333821
1757015334.137357,202.52,96.44,bid,1757015333865
1757015334.137357,202.53,9935.67,ask,1757015333865
1757015334.2018907,202.52,195.19,bid,1757015333920
1757015334.2018907,202.53,4080.65,ask,1757015333920
1757015334.3837297,202.52,118.04,bid,1757015334064
1757015334.3837297,202.53,2934.05,ask,1757015334064
1757015334.3979251,202.52,152.45,bid,1757015334070
1757015334.3979251,202.53,2869.29,ask,1757015334070
1757015334.4655936,202.52,152.45,bid,1757015334228
1757015334.4655936,202.53,2792.14,ask,1757015334228
1757015334.546963,202.52,152.45,bid,1757015334264
1757015334.546963,202.53,2767.14,ask,1757015334264
1757015334.6788065,202.52,152.45,bid,1757015334336
1757015334.6788065,202.53,2639.63,ask,1757015334336
1757015334.782928,202.52,152.45,bid,1757015334521
1757015334.782928,202.53,2689.1,ask,1757015334521
1757015334.9643223,202.52,152.45,bid,1757015334668
1757015334.9643223,202.53,2698.97,ask,1757015334668
1757015335.1790354,202.52,240.84,bid,1757015334871
1757015335.1790354,202.53,1838.8,ask,1757015334871
1757015335.295878,202.52,240.84,bid,1757015335038
1757015335.295878,202.53,1840.28,ask,1757015335038
1757015335.4011006,202.52,68.07,bid,1757015335093
1757015335.4011006,202.53,1840.28,ask,1757015335093
1757015335.479224,202.52,68.07,bid,1757015335242
1757015335.479224,202.53,1855.76,ask,1757015335242
1757015335.6793807,202.52,68.07,bid,1757015335430
1757015335.6793807,202.53,1951.3,ask,1757015335430
1757015335.7918322,202.52,63.72,bid,1757015335490
1757015335.7918322,202.53,1951.3,ask,1757015335490
1757015335.8197675,202.51,6.83,bid,1757015335560
1757015335.8197675,202.53,2811.52,ask,1757015335560
1757015335.8761737,202.52,98.75,bid,1757015335610
1757015335.8761737,202.53,2688.09,ask,1757015335610
1757015336.2448442,202.52,98.75,bid,1757015335691
1757015336.2448442,202.53,2713.09,ask,1757015335691
1757015336.5766754,202.52,98.75,bid,1757015335849
1757015336.5766754,202.53,1243.22,ask,1757015335849
1757015336.577203,202.52,98.69,bid,1757015336097
1757015336.577203,202.53,851.83,ask,1757015336097
1757015336.577203,202.5,13.89,bid,1757015336162
1757015336.577203,202.53,1555.15,ask,1757015336162
1757015336.7481658,202.5,0.5,bid,1757015336351
1757015336.7481658,202.51,5461.2,ask,1757015336351
1757015336.7481658,202.5,0.5,bid,1757015336453
1757015336.7481658,202.51,9294.96,ask,1757015336453
1757015336.853603,202.5,0.5,bid,1757015336517
1757015336.853603,202.51,9981.88,ask,1757015336517
1757015336.8813066,202.5,0.5,bid,1757015336571
1757015336.8813066,202.51,9988.03,ask,1757015336571
1757015336.990113,202.5,0.5,bid,1757015336626
1757015336.990113,202.51,11578.32,ask,1757015336626
1757015337.2534797,202.5,0.5,bid,1757015336857
1757015337.2534797,202.51,9905.29,ask,1757015336857
1757015337.3001776,202.5,0.5,bid,1757015336950
1757015337.3001776,202.51,8195.35,ask,1757015336950
1757015337.3845456,202.5,0.5,bid,1757015336991
1757015337.3845456,202.51,6032.61,ask,1757015336991
1757015337.4683504,202.5,0.5,bid,1757015337036
1757015337.4683504,202.51,3630.85,ask,1757015337036
1757015337.5896132,202.5,0.5,bid,1757015337253
1757015337.5896132,202.51,3585.41,ask,1757015337253
1757015337.7524562,202.5,0.5,bid,1757015337427
1757015337.7524562,202.51,3595.09,ask,1757015337427
1757015338.0101113,202.5,0.5,bid,1757015337631
1757015338.0101113,202.51,3634.58,ask,1757015337631
1757015338.0686047,202.5,0.5,bid,1757015337759
1757015338.0686047,202.51,3660.12,ask,1757015337759
1757015338.2063286,202.45,158.55,bid,1757015337834
1757015338.2063286,202.5,0.9,ask,1757015337834
1757015338.2382216,202.45,158.55,bid,1757015337980
1757015338.2382216,202.46,1670.41,ask,1757015337980
1757015338.442465,202.45,177.84,bid,1757015338036
1757015338.442465,202.46,4246.77,ask,1757015338036
1757015338.46583,202.45,177.84,bid,1757015338098
1757015338.46583,202.46,4257.27,ask,1757015338098
1757015338.5182006,202.45,948.36,bid,1757015338236
1757015338.5182006,202.46,2721.25,ask,1757015338236
1757015338.727927,202.45,1097.49,bid,1757015338434
1757015338.727927,202.46,2017.68,ask,1757015338434
1757015338.7661366,202.45,1097.49,bid,1757015338508
1757015338.7661366,202.46,1502.76,ask,1757015338508
1757015338.8588772,202.45,899.91,bid,1757015338583
1757015338.8588772,202.46,1502.76,ask,1757015338583
1757015338.9067166,202.45,880.2,bid,1757015338636
1757015338.9067166,202.46,1492.26,ask,1757015338636
1757015338.9918313,202.45,957.98,bid,1757015338722
1757015338.9918313,202.46,1123.01,ask,1757015338722
1757015339.1539018,202.45,944.41,bid,1757015338844
1757015339.1539018,202.46,1123.01,ask,1757015338844
1757015339.268645,202.45,1339.52,bid,1757015338986
1757015339.268645,202.46,1123.01,ask,1757015338986
1757015339.3813717,202.45,1339.52,bid,1757015339044
1757015339.3813717,202.46,1122.96,ask,1757015339044
1757015339.4485047,202.45,1612.12,bid,1757015339188
1757015339.4485047,202.46,1122.96,ask,1757015339188
1757015339.5877028,202.45,1612.12,bid,1757015339326
1757015339.5877028,202.46,1123.19,ask,1757015339326
1757015339.6544542,202.45,1612.12,bid,1757015339388
1757015339.6544542,202.46,1121.9,ask,1757015339388
1757015339.760291,202.45,1612.12,bid,1757015339455
1757015339.760291,202.46,1120.61,ask,1757015339455
1757015339.8047242,202.45,2204.74,bid,1757015339526
1757015339.8047242,202.46,873.65,ask,1757015339526
1757015339.9092011,202.45,2204.74,bid,1757015339586
1757015339.9092011,202.46,751.61,ask,1757015339586
1757015339.9977157,202.45,2203.84,bid,1757015339734
1757015339.9977157,202.46,10.73,ask,1757015339734
1757015340.1158476,202.45,1907.52,bid,1757015339859
1757015340.1158476,202.46,10.73,ask,1757015339859
1757015340.3100114,202.45,1901.28,bid,1757015339992
1757015340.3100114,202.46,10.73,ask,1757015339992
1757015340.4298487,202.45,1914.62,bid,1757015340128
1757015340.4298487,202.46,10.73,ask,1757015340128
1757015340.698185,202.45,2489.98,bid,1757015340352
1757015340.698185,202.46,0.23,ask,1757015340352
1757015340.758664,202.45,2786.34,bid,1757015340491
1757015340.758664,202.46,0.23,ask,1757015340491
1757015340.8865774,202.45,2968.43,bid,1757015340538
1757015340.8865774,202.46,0.23,ask,1757015340538
1757015341.5226388,202.45,3196.9,bid,1757015340850
1757015341.5226388,202.46,0.23,ask,1757015340850
1757015341.593083,202.45,5051.82,bid,1757015340997
1757015341.593083,202.46,0.23,ask,1757015340997
1757015341.711072,202.45,5051.82,bid,1757015341121
1757015341.711072,202.5,383.73,ask,1757015341121
1757015341.711072,202.49,619.14,bid,1757015341200
1757015341.711072,202.5,383.73,ask,1757015341200
1757015341.7887502,202.49,1492.32,bid,1757015341365
1757015341.7887502,202.5,383.73,ask,1757015341365
1757015342.0494397,202.49,1575.31,bid,1757015341601
1757015342.0494397,202.5,352.78,ask,1757015341601
1757015342.0499573,202.49,1219.49,bid,1757015341687
1757015342.0499573,202.5,352.78,ask,1757015341687
1757015342.112227,202.49,913.59,bid,1757015341767
1757015342.112227,202.5,352.78,ask,1757015341767
1757015342.2587647,202.49,1086.48,bid,1757015341914
1757015342.2587647,202.5,352.78,ask,1757015341914
1757015342.504811,202.49,762.73,bid,1757015342007
1757015342.504811,202.5,352.78,ask,1757015342007
1757015342.536923,202.49,451.4,bid,1757015342118
1757015342.536923,202.5,1433.6,ask,1757015342118
1757015342.5569706,202.49,296.36,bid,1757015342212
1757015342.5569706,202.5,2234.92,ask,1757015342212
1757015342.621702,202.46,1138.61,bid,1757015342319
1757015342.621702,202.5,1941.13,ask,1757015342319
1757015342.6886618,202.46,1138.61,bid,1757015342376
1757015342.6886618,202.47,2139.14,ask,1757015342376
1757015342.76598,202.46,1138.61,bid,1757015342487
1757015342.76598,202.47,985.41,ask,1757015342487
1757015342.8762684,202.46,84.07,bid,1757015342564
1757015342.8762684,202.47,244.56,ask,1757015342564
1757015343.0579107,202.46,207.85,bid,1757015342684
1757015343.0579107,202.47,75.26,ask,1757015342684
1757015343.0714574,202.46,756.02,bid,1757015342761
1757015343.0714574,202.47,21.0,ask,1757015342761
1757015343.215283,202.46,1360.39,bid,1757015342971
1757015343.215283,202.47,21.0,ask,1757015342971
1757015343.3662105,202.46,1398.26,bid,1757015343073
1757015343.3662105,202.47,10.5,ask,1757015343073
1757015343.4555097,202.46,1378.57,bid,1757015343125
1757015343.4555097,202.47,10.5,ask,1757015343125
1757015343.4605138,202.46,1427.96,bid,1757015343209
1757015343.4605138,202.47,10.5,ask,1757015343209
1757015343.5793178,202.46,1436.85,bid,1757015343324
1757015343.5793178,202.47,10.5,ask,1757015343324
1757015343.6288586,202.46,1338.07,bid,1757015343381
1757015343.6288586,202.47,10.5,ask,1757015343381
1757015343.7689784,202.46,844.25,bid,1757015343507
1757015343.7689784,202.47,10.5,ask,1757015343507
1757015343.8366408,202.46,1634.43,bid,1757015343577
1757015343.8366408,202.47,10.5,ask,1757015343577
1757015343.9687662,202.46,1634.43,bid,1757015343629
1757015343.9687662,202.47,9.98,ask,1757015343629
1757015343.9687662,202.46,1041.81,bid,1757015343681
1757015343.9687662,202.47,9.98,ask,1757015343681
1757015344.30336,202.46,1041.69,bid,1757015344032
1757015344.30336,202.47,9.03,ask,1757015344032
1757015344.363711,202.46,1634.31,bid,1757015344083
1757015344.363711,202.47,9.03,ask,1757015344083
1757015344.510578,202.46,1041.69,bid,1757015344283
1757015344.510578,202.47,9.03,ask,1757015344283
1757015344.7636428,202.46,1034.89,bid,1757015344415
1757015344.7636428,202.47,9.03,ask,1757015344415
1757015345.4453008,202.46,1009.89,bid,1757015345155
1757015345.4453008,202.47,9.03,ask,1757015345155
1757015345.6815357,202.46,1025.46,bid,1757015345436
1757015345.6815357,202.47,9.03,ask,1757015345436
1757015346.6283243,202.46,1025.46,bid,1757015345759
1757015346.6283243,202.47,25.65,ask,1757015345759
1757015346.6283243,202.46,592.72,bid,1757015345896
1757015346.6283243,202.47,1060.78,ask,1757015345896
1757015346.6288335,202.46,98.78,bid,1757015346170
1757015346.6288335,202.47,1158.09,ask,1757015346170
1757015346.8369536,202.46,98.78,bid,1757015346366
1757015346.8369536,202.47,1088.97,ask,1757015346366
1757015346.9757276,202.46,123.46,bid,1757015346567
1757015346.9757276,202.47,1088.97,ask,1757015346567
1757015346.9757276,202.46,24.68,bid,1757015346604
1757015346.9757276,202.47,1198.88,ask,1757015346604
1757015347.3783164,202.46,30.93,bid,1757015346973
1757015347.3783164,202.47,1162.16,ask,1757015346973
1757015347.4863524,202.46,30.93,bid,1757015347136
1757015347.4863524,202.47,1161.51,ask,1757015347136
1757015347.5455568,202.46,30.93,bid,1757015347200
1757015347.5455568,202.47,1196.94,ask,1757015347200
1757015347.9997463,202.45,34.87,bid,1757015347582
1757015347.9997463,202.47,1196.94,ask,1757015347582
1757015348.01384,202.45,34.87,bid,1757015347639
1757015348.01384,202.46,4667.24,ask,1757015347639
1757015348.1047573,202.45,34.87,bid,1757015347784
1757015348.1047573,202.46,8929.44,ask,1757015347784
1757015348.1986067,202.45,34.87,bid,1757015347790
1757015348.1986067,202.46,12744.75,ask,1757015347790
1757015348.3375626,202.45,34.87,bid,1757015347909
1757015348.3375626,202.46,15985.74,ask,1757015347909
1757015348.4329638,202.45,133.66,bid,1757015348044
1757015348.4329638,202.46,14428.57,ask,1757015348044
1757015348.547633,202.45,232.45,bid,1757015348112
1757015348.547633,202.46,1664.66,ask,1757015348112
1757015348.6285727,202.45,257.13,bid,1757015348234
1757015348.6285727,202.46,1664.66,ask,1757015348234
1757015348.651329,202.45,257.13,bid,1757015348323
1757015348.651329,202.46,1632.28,ask,1757015348323
1757015348.7580903,202.45,257.13,bid,1757015348452
1757015348.7580903,202.46,1374.82,ask,1757015348452
1757015348.9332373,202.45,241.55,bid,1757015348538
1757015348.9332373,202.46,1079.29,ask,1757015348538
1757015348.9826748,202.45,216.87,bid,1757015348653
1757015348.9826748,202.46,832.33,ask,1757015348653
1757015349.078173,202.45,269.63,bid,1757015348795
1757015349.078173,202.46,767.57,ask,1757015348795
1757015349.5054266,202.45,285.22,bid,1757015349143
1757015349.5054266,202.46,855.67,ask,1757015349143
1757015349.7077324,202.45,285.22,bid,1757015349354
1757015349.7077324,202.46,739.03,ask,1757015349354
1757015349.8435307,202.45,285.22,bid,1757015349463
1757015349.8435307,202.46,26.69,ask,1757015349463
1757015350.0990932,202.45,877.87,bid,1757015349747
1757015350.0990932,202.46,140.43,ask,1757015349747
1757015350.2741935,202.45,877.87,bid,1757015349950
1757015350.2741935,202.46,852.77,ask,1757015349950
1757015350.4842951,202.45,902.55,bid,1757015350120
1757015350.4842951,202.46,852.77,ask,1757015350120
1757015350.5999005,202.45,309.9,bid,1757015350320
1757015350.5999005,202.46,852.77,ask,1757015350320
1757015350.8290908,202.45,186.43,bid,1757015350521
1757015350.8290908,202.46,852.77,ask,1757015350521
1757015351.0780501,202.45,417.85,bid,1757015350737
1757015351.0780501,202.46,36.56,ask,1757015350737
1757015351.7882483,202.45,285.22,bid,1757015351377
1757015351.7882483,202.46,897.08,ask,1757015351377
1757015351.8315976,202.45,309.9,bid,1757015351479
1757015351.8315976,202.46,897.08,ask,1757015351479
1757015351.9018667,202.45,309.9,bid,1757015351582
1757015351.9018667,202.46,36.56,ask,1757015351582
1757015352.165093,202.45,309.9,bid,1757015351879
1757015352.165093,202.46,26.69,ask,1757015351879
1757015352.4660604,202.45,902.55,bid,1757015352148
1757015352.4660604,202.46,26.69,ask,1757015352148
1757015352.620146,202.45,309.9,bid,1757015352328
1757015352.620146,202.46,26.69,ask,1757015352328
1757015352.8619044,202.45,309.9,bid,1757015352589
1757015352.8619044,202.46,739.03,ask,1757015352589
1757015353.1605632,202.45,309.9,bid,1757015352841
1757015353.1605632,202.46,705.04,ask,1757015352841
1757015353.4228706,202.45,380.96,bid,1757015353197
1757015353.4228706,202.47,295.89,ask,1757015353197
1757015353.6842904,202.46,486.33,bid,1757015353396
1757015353.6842904,202.47,509.14,ask,1757015353396
1757015353.7247283,202.46,587.83,bid,1757015353452
1757015353.7247283,202.47,509.14,ask,1757015353452
1757015353.7609468,202.46,756.62,bid,1757015353534
1757015353.7609468,202.47,509.14,ask,1757015353534
1757015353.8514633,202.46,924.62,bid,1757015353597
1757015353.8514633,202.47,578.27,ask,1757015353597
1757015353.9204276,202.46,893.12,bid,1757015353653
1757015353.9204276,202.47,578.27,ask,1757015353653
1757015354.0271032,202.46,329.17,bid,1757015353734
1757015354.0271032,202.47,865.89,ask,1757015353734
1757015354.1066856,202.46,223.24,bid,1757015353800
1757015354.1066856,202.47,865.89,ask,1757015353800
1757015354.1833851,202.46,156.74,bid,1757015353854
1757015354.1833851,202.47,865.89,ask,1757015353854
1757015354.525903,202.46,132.07,bid,1757015354256
1757015354.525903,202.47,865.89,ask,1757015354256
1757015354.6957183,202.46,156.75,bid,1757015354403
1757015354.6957183,202.47,865.89,ask,1757015354403
1757015355.5764194,202.46,101.5,bid,1757015355285
1757015355.5764194,202.47,910.01,ask,1757015355285
1757015355.824709,202.46,101.5,bid,1757015355491
1757015355.824709,202.47,865.89,ask,1757015355491
1757015355.9953501,202.46,101.5,bid,1757015355691
1757015355.9953501,202.47,890.89,ask,1757015355691
1757015356.9352834,202.46,128.38,bid,1757015356452
1757015356.9352834,202.47,890.89,ask,1757015356452
1757015357.0634108,202.46,128.38,bid,1757015356737
1757015357.0634108,202.47,865.89,ask,1757015356737
