timestamp,price,size,side,exchange_timestamp
1757015216.8747032,0.18648,30984.0,bid,1757015216253
1757015216.8747032,0.18649,35978.0,ask,1757015216253
1757015216.9974003,0.18648,30984.0,bid,1757015216323
1757015216.9974003,0.18649,53967.0,ask,1757015216323
1757015216.9974003,0.18643,16000.0,bid,1757015216528
1757015216.9974003,0.18649,53967.0,ask,1757015216528
1757015217.0247483,0.18643,15879.0,bid,1757015216627
1757015217.0247483,0.18644,17998.0,ask,1757015216627
1757015217.1423483,0.18643,15879.0,bid,1757015216728
1757015217.1423483,0.18644,53994.0,ask,1757015216728
1757015217.2344,0.18643,15727.0,bid,1757015216872
1757015217.2344,0.18644,71992.0,ask,1757015216872
1757015217.4884233,0.18643,15727.0,bid,1757015217063
1757015217.4884233,0.18644,89990.0,ask,1757015217063
1757015217.6704783,0.18643,15727.0,bid,1757015217237
1757015217.6704783,0.18644,17998.0,ask,1757015217237
1757015217.9937594,0.1864,34626.0,bid,1757015217641
1757015217.9937594,0.18644,17998.0,ask,1757015217641
1757015218.0310414,0.1864,14365.0,bid,1757015217721
1757015218.0310414,0.18644,17998.0,ask,1757015217721
1757015218.0932755,0.1864,14365.0,bid,1757015217788
1757015218.0932755,0.18641,36016.0,ask,1757015217788
1757015218.1863108,0.1864,14365.0,bid,1757015217870
1757015218.1863108,0.18641,72032.0,ask,1757015217870
1757015218.4666264,0.1864,14365.0,bid,1757015218073
1757015218.4666264,0.18641,71212.0,ask,1757015218073
1757015218.4964085,0.1864,14365.0,bid,1757015218166
1757015218.4964085,0.18641,17188.0,ask,1757015218166
1757015218.5505238,0.1864,14365.0,bid,1757015218281
1757015218.5505238,0.18646,8404.0,ask,1757015218281
1757015218.7020423,0.18645,71380.0,bid,1757015218421
1757015218.7020423,0.18646,8404.0,ask,1757015218421
1757015218.8161006,0.18645,214140.0,bid,1757015218483
1757015218.8161006,0.18646,1987.0,ask,1757015218483
1757015219.0492659,0.18645,214140.0,bid,1757015218672
1757015219.0492659,0.18653,18154.0,ask,1757015218672
1757015219.2408,0.18651,142995.0,bid,1757015218875
1757015219.2408,0.18653,3627.0,ask,1757015218875
1757015219.5050757,0.1865,16217.0,bid,1757015219086
1757015219.5050757,0.18653,1787.0,ask,1757015219086
1757015219.5306172,0.1865,16217.0,bid,1757015219197
1757015219.5306172,0.18656,9392.0,ask,1757015219197
1757015219.577661,0.18655,214466.0,bid,1757015219286
1757015219.577661,0.18656,1000.0,ask,1757015219286
1757015219.9688115,0.18655,285952.0,bid,1757015219390
1757015219.9688115,0.18656,1000.0,ask,1757015219390
1757015220.2937891,0.18655,357293.0,bid,1757015219488
1757015220.2937891,0.18656,1000.0,ask,1757015219488
1757015220.294303,0.1864,14365.0,bid,1757015219736
1757015220.294303,0.18646,17856.0,ask,1757015219736
1757015220.5115337,0.18641,16217.0,bid,1757015220005
1757015220.5115337,0.18646,1048.0,ask,1757015220005
1757015220.7363307,0.18641,16217.0,bid,1757015220445
1757015220.7363307,0.1865,17845.0,ask,1757015220445
1757015220.7756536,0.18645,5966.0,bid,1757015220493
1757015220.7756536,0.1865,17845.0,ask,1757015220493
1757015221.0512168,0.18649,74278.0,bid,1757015220550
1757015221.0512168,0.1865,17845.0,ask,1757015220550
1757015221.1480856,0.18649,222832.0,bid,1757015220604
1757015221.1480856,0.18654,2007.0,ask,1757015220604
1757015221.1480856,0.18649,222832.0,bid,1757015220695
1757015221.1480856,0.18656,5958.0,ask,1757015220695
1757015221.1764343,0.18649,263055.0,bid,1757015220780
1757015221.1764343,0.18656,1986.0,ask,1757015220780
1757015221.1964998,0.18655,74254.0,bid,1757015220847
1757015221.1964998,0.18662,16058.0,ask,1757015220847
1757015221.339789,0.18655,74254.0,bid,1757015220995
1757015221.339789,0.18656,8039.0,ask,1757015220995
1757015221.5607872,0.18655,148514.0,bid,1757015221096
1757015221.5607872,0.18656,8039.0,ask,1757015221096
1757015221.7207818,0.1866,24006.0,bid,1757015221220
1757015221.7207818,0.18673,1903.0,ask,1757015221220
1757015221.7636278,0.18667,74228.0,bid,1757015221421
1757015221.7636278,0.18673,1903.0,ask,1757015221421
1757015222.005458,0.18671,24006.0,bid,1757015221635
1757015222.005458,0.18673,1903.0,ask,1757015221635
1757015222.0626507,0.18671,24006.0,bid,1757015221697
1757015222.0626507,0.18674,2027.0,ask,1757015221697
1757015222.078295,0.18671,24006.0,bid,1757015221826
1757015222.078295,0.18676,7936.0,ask,1757015221826
1757015222.2480927,0.18671,24006.0,bid,1757015221902
1757015222.2480927,0.18676,1984.0,ask,1757015221902
1757015222.487147,0.18675,74215.0,bid,1757015222034
1757015222.487147,0.18676,1984.0,ask,1757015222034
1757015222.6530561,0.18664,8139.0,bid,1757015222230
1757015222.6530561,0.18676,1984.0,ask,1757015222230
1757015222.7189817,0.18666,6792.0,bid,1757015222324
1757015222.7189817,0.18676,1984.0,ask,1757015222324
1757015222.773935,0.18666,6792.0,bid,1757015222431
1757015222.773935,0.18677,31895.0,ask,1757015222431
1757015222.8286602,0.18676,148436.0,bid,1757015222522
1757015222.8286602,0.18677,14678.0,ask,1757015222522
1757015222.9137375,0.18676,148436.0,bid,1757015222585
1757015222.9137375,0.18677,12678.0,ask,1757015222585
1757015223.1171143,0.18676,296884.0,bid,1757015222674
1757015223.1171143,0.18677,12678.0,ask,1757015222674
1757015223.1540766,0.18676,445326.0,bid,1757015222748
1757015223.1540766,0.18677,2261.0,ask,1757015222748
1757015223.1540766,0.18676,65303.0,bid,1757015222826
1757015223.1540766,0.18677,2261.0,ask,1757015222826
1757015223.4399385,0.18676,59637.0,bid,1757015223057
1757015223.4399385,0.18682,1457.0,ask,1757015223057
1757015223.4680955,0.18681,148412.0,bid,1757015223143
1757015223.4680955,0.18682,1457.0,ask,1757015223143
1757015223.592623,0.18681,222618.0,bid,1757015223194
1757015223.592623,0.18682,1457.0,ask,1757015223194
1757015223.7281609,0.18681,74206.0,bid,1757015223420
1757015223.7281609,0.18682,1457.0,ask,1757015223420
1757015224.0105858,0.18681,74206.0,bid,1757015223698
1757015224.0105858,0.18683,25438.0,ask,1757015223698
1757015224.2444172,0.18675,16217.0,bid,1757015223955
1757015224.2444172,0.18683,25438.0,ask,1757015223955
1757015224.3943832,0.18675,16124.0,bid,1757015224101
1757015224.3943832,0.18683,25438.0,ask,1757015224101
1757015224.4437566,0.18675,15888.0,bid,1757015224156
1757015224.4437566,0.18683,25438.0,ask,1757015224156
1757015224.6052547,0.18675,15640.0,bid,1757015224291
1757015224.6052547,0.18682,18584.0,ask,1757015224291
1757015226.011061,0.18675,15640.0,bid,1757015225653
1757015226.011061,0.18681,1456.0,ask,1757015225653
1757015226.3079538,0.18672,24006.0,bid,1757015225934
1757015226.3079538,0.18678,2395.0,ask,1757015225934
1757015226.308769,0.1867,82066.0,bid,1757015225994
1757015226.308769,0.18678,2395.0,ask,1757015225994
1757015226.6137354,0.18667,107127.0,bid,1757015226113
1757015226.6137354,0.18678,2395.0,ask,1757015226113
1757015226.6323442,0.18676,16217.0,bid,1757015226294
1757015226.6323442,0.18678,2395.0,ask,1757015226294
1757015226.709371,0.18676,16217.0,bid,1757015226376
1757015226.709371,0.18684,25880.0,ask,1757015226376
1757015226.7498326,0.18676,16217.0,bid,1757015226433
1757015226.7498326,0.18682,1455.0,ask,1757015226433
1757015227.1638334,0.18671,23299.0,bid,1757015226843
1757015227.1638334,0.18682,1455.0,ask,1757015226843
1757015227.6172554,0.18674,16217.0,bid,1757015227169
1757015227.6172554,0.18682,1455.0,ask,1757015227169
1757015227.8158517,0.1867,8390.0,bid,1757015227483
1757015227.8158517,0.18681,90796.0,ask,1757015227483
1757015227.8223274,0.1867,8390.0,bid,1757015227587
1757015227.8223274,0.18678,2047.0,ask,1757015227587
1757015228.1008441,0.1867,8390.0,bid,1757015227655
1757015228.1008441,0.18671,34904.0,ask,1757015227655
1757015228.1186707,0.18661,16217.0,bid,1757015227705
1757015228.1186707,0.18671,34904.0,ask,1757015227705
1757015228.2858877,0.18661,16217.0,bid,1757015227912
1757015228.2858877,0.18669,17454.0,ask,1757015227912
1757015228.6143844,0.18661,16217.0,bid,1757015228190
1757015228.6143844,0.18671,16000.0,ask,1757015228190
1757015228.694837,0.18662,16183.0,bid,1757015228313
1757015228.694837,0.18671,16000.0,ask,1757015228313
1757015228.7152352,0.18662,16183.0,bid,1757015228390
1757015228.7152352,0.18673,14527.0,ask,1757015228390
1757015228.8819072,0.18662,16119.0,bid,1757015228519
1757015228.8819072,0.18673,14527.0,ask,1757015228519
1757015228.9995625,0.18662,16102.0,bid,1757015228593
1757015228.9995625,0.1867,1455.0,ask,1757015228593
1757015229.074463,0.18663,5302.0,bid,1757015228697
1757015229.074463,0.1867,1455.0,ask,1757015228697
1757015229.2588665,0.18663,5302.0,bid,1757015228903
1757015229.2588665,0.18671,23655.0,ask,1757015228903
1757015229.476179,0.18663,5222.0,bid,1757015229098
1757015229.476179,0.18671,23655.0,ask,1757015229098
1757015229.6643991,0.18661,16217.0,bid,1757015229362
1757015229.6643991,0.18671,23655.0,ask,1757015229362
1757015229.7599125,0.18661,11283.0,bid,1757015229431
1757015229.7599125,0.18671,25110.0,ask,1757015229431
1757015230.2939541,0.1866,41469.0,bid,1757015229578
1757015230.2939541,0.1867,13699.0,ask,1757015229578
1757015230.3860357,0.1866,41469.0,bid,1757015229752
1757015230.3860357,0.18661,17478.0,ask,1757015229752
1757015230.4935036,0.1865,5628.0,bid,1757015229892
1757015230.4935036,0.18661,52438.0,ask,1757015229892
1757015230.5794935,0.1865,21845.0,bid,1757015230165
1757015230.5794935,0.18656,52455.0,ask,1757015230165
1757015230.5910225,0.1865,21845.0,bid,1757015230215
1757015230.5910225,0.18656,87425.0,ask,1757015230215
1757015230.6955485,0.1865,59836.0,bid,1757015230400
1757015230.6955485,0.18656,104910.0,ask,1757015230400
1757015230.8214395,0.18651,34377.0,bid,1757015230459
1757015230.8214395,0.18655,17487.0,ask,1757015230459
1757015231.0264256,0.18651,34377.0,bid,1757015230704
1757015231.0264256,0.18662,25110.0,ask,1757015230704
1757015231.127932,0.18652,5374.0,bid,1757015230834
1757015231.127932,0.18662,25110.0,ask,1757015230834
1757015231.4382396,0.18652,87440.0,bid,1757015231067
1757015231.4382396,0.18662,23655.0,ask,1757015231067
1757015231.887833,0.18652,5374.0,bid,1757015231398
1757015231.887833,0.18662,23655.0,ask,1757015231398
1757015231.9573412,0.18652,5374.0,bid,1757015231690
1757015231.9573412,0.18661,1454.0,ask,1757015231690
1757015232.3625674,0.18652,5374.0,bid,1757015232056
1757015232.3625674,0.18662,23655.0,ask,1757015232056
1757015232.804651,0.18652,5374.0,bid,1757015232496
1757015232.804651,0.18661,1454.0,ask,1757015232496
1757015233.9850368,0.1866,16217.0,bid,1757015233703
1757015233.9850368,0.18662,23655.0,ask,1757015233703
1757015234.3792994,0.18652,5374.0,bid,1757015234043
1757015234.3792994,0.18662,23655.0,ask,1757015234043
1757015234.408349,0.18652,6828.0,bid,1757015234104
1757015234.408349,0.18661,1454.0,ask,1757015234104
1757015235.928861,0.18652,6828.0,bid,1757015235554
1757015235.928861,0.18664,14527.0,ask,1757015235554
1757015236.2071185,0.18652,6828.0,bid,1757015235922
1757015236.2071185,0.18653,24006.0,ask,1757015235922
1757015236.2788434,0.1865,37991.0,bid,1757015235987
1757015236.2788434,0.18653,24006.0,ask,1757015235987
1757015236.383664,0.1865,37991.0,bid,1757015236052
1757015236.383664,0.18651,17378.0,ask,1757015236052
1757015236.4478724,0.18647,5360.0,bid,1757015236118
1757015236.4478724,0.18651,69512.0,ask,1757015236118
1757015236.6513348,0.1864,16021.0,bid,1757015236320
1757015236.6513348,0.18648,34764.0,ask,1757015236320
1757015236.75319,0.1864,16021.0,bid,1757015236480
1757015236.75319,0.18645,17386.0,ask,1757015236480
1757015236.94777,0.1864,16021.0,bid,1757015236680
1757015236.94777,0.18648,17383.0,ask,1757015236680
1757015237.0336654,0.18641,38129.0,bid,1757015236731
1757015237.0336654,0.18656,34478.0,ask,1757015236731
1757015237.067349,0.18641,38129.0,bid,1757015236781
1757015237.067349,0.18649,23655.0,ask,1757015236781
1757015237.4954875,0.18641,38129.0,bid,1757015237191
1757015237.4954875,0.18646,1454.0,ask,1757015237191
1757015238.0756748,0.18645,24006.0,bid,1757015237724
1757015238.0756748,0.18646,1454.0,ask,1757015237724
1757015238.1046581,0.18645,24006.0,bid,1757015237782
1757015238.1046581,0.18649,23655.0,ask,1757015237782
1757015238.4982507,0.18645,24006.0,bid,1757015238175
1757015238.4982507,0.18648,1454.0,ask,1757015238175
1757015239.1144037,0.18645,24006.0,bid,1757015238839
1757015239.1144037,0.18649,23655.0,ask,1757015238839
1757015239.598034,0.18645,24006.0,bid,1757015239258
1757015239.598034,0.18648,1454.0,ask,1757015239258
1757015240.7474093,0.1864,15821.0,bid,1757015239865
1757015240.7474093,0.18647,40241.0,ask,1757015239865
1757015240.7474093,0.1864,15821.0,bid,1757015240060
1757015240.7474093,0.18641,17397.0,ask,1757015240060
1757015240.7547996,0.18637,5363.0,bid,1757015240168
1757015240.7547996,0.18641,17397.0,ask,1757015240168
1757015240.8667367,0.18637,5363.0,bid,1757015240267
1757015240.8667367,0.1864,34796.0,ask,1757015240267
1757015241.1819205,0.18637,5363.0,bid,1757015240810
1757015241.1819205,0.18645,2213.0,ask,1757015240810
1757015241.362428,0.18637,5363.0,bid,1757015240974
1757015241.362428,0.18639,14527.0,ask,1757015240974
1757015241.474262,0.18637,5363.0,bid,1757015241081
1757015241.474262,0.18639,13570.0,ask,1757015241081
1757015241.570459,0.1863,37654.0,bid,1757015241152
1757015241.570459,0.18639,37225.0,ask,1757015241152
1757015241.913575,0.1863,37654.0,bid,1757015241473
1757015241.913575,0.18639,13570.0,ask,1757015241473
1757015242.0598571,0.18631,39803.0,bid,1757015241776
1757015242.0598571,0.18638,1454.0,ask,1757015241776
1757015242.4891255,0.18631,39803.0,bid,1757015242062
1757015242.4891255,0.18638,1343.0,ask,1757015242062
1757015242.6903212,0.1863,38012.0,bid,1757015242419
1757015242.6903212,0.18637,40261.0,ask,1757015242419
1757015242.8268108,0.18632,22065.0,bid,1757015242489
1757015242.8268108,0.18637,40261.0,ask,1757015242489
1757015242.8809528,0.18632,22065.0,bid,1757015242555
1757015242.8809528,0.18639,5335.0,ask,1757015242555
1757015243.1423287,0.18632,22065.0,bid,1757015242774
1757015243.1423287,0.18645,111460.0,ask,1757015242774
1757015243.3020294,0.18633,5282.0,bid,1757015242959
1757015243.3020294,0.18645,111460.0,ask,1757015242959
1757015243.5042956,0.18633,5282.0,bid,1757015243072
1757015243.5042956,0.1864,1454.0,ask,1757015243072
1757015244.4552348,0.18637,16217.0,bid,1757015244161
1757015244.4552348,0.1864,1454.0,ask,1757015244161
1757015244.5218644,0.18639,82066.0,bid,1757015244289
1757015244.5218644,0.18645,4200.0,ask,1757015244289
1757015244.6746166,0.18644,215943.0,bid,1757015244359
1757015244.6746166,0.18647,5000.0,ask,1757015244359
1757015245.1962938,0.18644,215943.0,bid,1757015244675
1757015245.1962938,0.1865,1454.0,ask,1757015244675
1757015245.492351,0.18649,215927.0,bid,1757015244870
1757015245.492351,0.1865,1454.0,ask,1757015244870
1757015245.6082335,0.18649,287905.0,bid,1757015245165
1757015245.6082335,0.1865,1454.0,ask,1757015245165
1757015245.6263127,0.18649,359883.0,bid,1757015245283
1757015245.6263127,0.18655,119634.0,ask,1757015245283
1757015245.786949,0.18654,71959.0,bid,1757015245441
1757015245.786949,0.18655,119634.0,ask,1757015245441
1757015246.2636707,0.1864,1454.0,bid,1757015245896
1757015246.2636707,0.18655,111594.0,ask,1757015245896
1757015246.2878685,0.1864,1454.0,bid,1757015245973
1757015246.2878685,0.18655,116311.0,ask,1757015245973
1757015246.531731,0.18636,43663.0,bid,1757015246135
1757015246.531731,0.18649,52131.0,ask,1757015246135
1757015246.5940685,0.18636,43663.0,bid,1757015246237
1757015246.5940685,0.18637,17408.0,ask,1757015246237
1757015246.6560504,0.18629,22106.0,bid,1757015246342
1757015246.6560504,0.18637,17408.0,ask,1757015246342
1757015246.764567,0.18629,22106.0,bid,1757015246473
1757015246.764567,0.18635,17410.0,ask,1757015246473
1757015246.866123,0.18629,22106.0,bid,1757015246522
1757015246.866123,0.18635,34820.0,ask,1757015246522
1757015247.1440506,0.1863,40220.0,bid,1757015246679
1757015247.1440506,0.18644,2285.0,ask,1757015246679
1757015247.317171,0.1863,34540.0,bid,1757015246805
1757015247.317171,0.18636,16217.0,ask,1757015246805
1757015247.3433163,0.1863,42077.0,bid,1757015246848
1757015247.3433163,0.18634,32623.0,ask,1757015246848
1757015247.839134,0.1863,42077.0,bid,1757015247441
1757015247.839134,0.18632,1454.0,ask,1757015247441
1757015248.398581,0.1863,42077.0,bid,1757015247932
1757015248.398581,0.18631,13696.0,ask,1757015247932
1757015248.4857686,0.1863,42077.0,bid,1757015248057
1757015248.4857686,0.18631,12876.0,ask,1757015248057
1757015248.6461399,0.1863,42077.0,bid,1757015248144
1757015248.6461399,0.18631,37850.0,ask,1757015248144
1757015248.7542667,0.1863,42077.0,bid,1757015248299
1757015248.7542667,0.18631,24974.0,ask,1757015248299
1757015249.1676044,0.1862,1454.0,bid,1757015248813
1757015249.1676044,0.18631,24974.0,ask,1757015248813
1757015249.262569,0.18617,21908.0,bid,1757015248943
1757015249.262569,0.18625,17434.0,ask,1757015248943
1757015249.4095488,0.1861,5376.0,bid,1757015249116
1757015249.4095488,0.18625,34868.0,ask,1757015249116
1757015249.5850635,0.18613,16217.0,bid,1757015249235
1757015249.5850635,0.18615,34916.0,ask,1757015249235
1757015249.6819031,0.18613,16217.0,bid,1757015249383
1757015249.6819031,0.18624,13604.0,ask,1757015249383
1757015249.8193636,0.18613,16217.0,bid,1757015249545
1757015249.8193636,0.18621,1454.0,ask,1757015249545
1757015249.936992,0.18613,12993.0,bid,1757015249668
1757015249.936992,0.18621,1454.0,ask,1757015249668
1757015250.7485158,0.18613,9769.0,bid,1757015249873
1757015250.7485158,0.18621,1454.0,ask,1757015249873
1757015250.7501085,0.1861,48907.0,bid,1757015250239
1757015250.7501085,0.18611,52416.0,ask,1757015250239
1757015250.7501085,0.1861,48907.0,bid,1757015250290
1757015250.7501085,0.18611,69888.0,ask,1757015250290
1757015250.952405,0.1861,47453.0,bid,1757015250525
1757015250.952405,0.18611,17472.0,ask,1757015250525
1757015251.0560658,0.1861,47453.0,bid,1757015250726
1757015251.0560658,0.18615,2144.0,ask,1757015250726
1757015251.0930028,0.1861,47453.0,bid,1757015250809
1757015251.0930028,0.18611,535.0,ask,1757015250809
1757015251.1377783,0.1861,47453.0,bid,1757015250872
1757015251.1377783,0.18611,8515.0,ask,1757015250872
1757015251.3468301,0.186,150.0,bid,1757015251013
1757015251.3468301,0.18611,47323.0,ask,1757015251013
1757015251.4306748,0.186,150.0,bid,1757015251129
1757015251.4306748,0.18605,17482.0,ask,1757015251129
1757015251.5662675,0.186,150.0,bid,1757015251290
1757015251.5662675,0.18605,52446.0,ask,1757015251290
1757015251.6039343,0.18601,40303.0,bid,1757015251331
1757015251.6039343,0.18605,52446.0,ask,1757015251331
1757015251.7776365,0.18601,40303.0,bid,1757015251485
1757015251.7776365,0.18611,49739.0,ask,1757015251485
1757015251.9030554,0.186,150.0,bid,1757015251534
1757015251.9030554,0.18604,107490.0,ask,1757015251534
1757015251.9503834,0.186,150.0,bid,1757015251663
1757015251.9503834,0.18601,17499.0,ask,1757015251663
1757015252.01486,0.186,150.0,bid,1757015251800
1757015252.01486,0.18601,34998.0,ask,1757015251800
1757015252.2025208,0.186,150.0,bid,1757015251879
1757015252.2025208,0.18601,52497.0,ask,1757015251879
1757015252.2718983,0.186,150.0,bid,1757015251933
1757015252.2718983,0.18604,2356.0,ask,1757015251933
1757015252.5146909,0.18603,144182.0,bid,1757015252120
1757015252.5146909,0.18604,2356.0,ask,1757015252120
1757015252.637715,0.18603,216273.0,bid,1757015252350
1757015252.637715,0.18605,535.0,ask,1757015252350
1757015253.125904,0.186,150.0,bid,1757015252667
1757015253.125904,0.18605,535.0,ask,1757015252667
1757015253.1279233,0.186,1604.0,bid,1757015252752
1757015253.1279233,0.1861,24974.0,ask,1757015252752
1757015253.3320003,0.186,56953.0,bid,1757015253019
1757015253.3320003,0.1861,24974.0,ask,1757015253019
1757015253.4015977,0.18602,16217.0,bid,1757015253072
1757015253.4015977,0.1861,24974.0,ask,1757015253072
1757015253.4966638,0.18602,16217.0,bid,1757015253154
1757015253.4966638,0.18605,535.0,ask,1757015253154
1757015254.1013894,0.186,57153.0,bid,1757015253678
1757015254.1013894,0.18605,535.0,ask,1757015253678
1757015254.3650477,0.18604,40223.0,bid,1757015253999
1757015254.3650477,0.18605,535.0,ask,1757015253999
1757015254.8065455,0.18603,2584.0,bid,1757015254433
1757015254.8065455,0.18605,25509.0,ask,1757015254433
1757015255.0797772,0.18603,2584.0,bid,1757015254601
1757015255.0797772,0.18604,34984.0,ask,1757015254601
1757015255.690137,0.18603,2584.0,bid,1757015254810
1757015255.690137,0.18604,64927.0,ask,1757015254810
1757015255.7461805,0.18603,2584.0,bid,1757015254859
1757015255.7461805,0.18604,114713.0,ask,1757015254859
1757015255.763003,0.1859,40223.0,bid,1757015255036
1757015255.763003,0.18604,129860.0,ask,1757015255036
1757015255.839087,0.1859,40223.0,bid,1757015255211
1757015255.839087,0.18599,39311.0,ask,1757015255211
1757015255.8473854,0.1859,45887.0,bid,1757015255275
1757015255.8473854,0.18599,39311.0,ask,1757015255275
1757015255.8731177,0.1859,45887.0,bid,1757015255413
1757015255.8731177,0.18598,52497.0,ask,1757015255413
1757015255.9821906,0.1859,45887.0,bid,1757015255517
1757015255.9821906,0.18598,69996.0,ask,1757015255517
1757015255.9999926,0.18591,16000.0,bid,1757015255576
1757015255.9999926,0.18599,17498.0,ask,1757015255576
1757015256.1464453,0.18591,46830.0,bid,1757015255742
1757015256.1464453,0.18597,16356.0,ask,1757015255742
1757015256.20824,0.18591,16000.0,bid,1757015255813
1757015256.20824,0.18597,164237.0,ask,1757015255813
1757015256.250535,0.18583,8070.0,bid,1757015255944
1757015256.250535,0.18597,164237.0,ask,1757015255944
1757015256.2577546,0.18583,8070.0,bid,1757015255999
1757015256.2577546,0.18594,2300.0,ask,1757015255999
1757015256.421014,0.18583,8070.0,bid,1757015256065
1757015256.421014,0.18585,6403.0,ask,1757015256065
1757015256.511457,0.18577,16217.0,bid,1757015256167
1757015256.511457,0.18585,6403.0,ask,1757015256167
1757015256.7112553,0.18577,16217.0,bid,1757015256367
1757015256.7112553,0.18578,12838.0,ask,1757015256367
1757015256.8248324,0.18577,16217.0,bid,1757015256435
1757015256.8248324,0.18578,19257.0,ask,1757015256435
1757015256.9149628,0.18572,28203.0,bid,1757015256614
1757015256.9149628,0.18578,19257.0,ask,1757015256614
1757015257.0425224,0.1857,56953.0,bid,1757015256717
1757015257.0425224,0.18584,16677.0,ask,1757015256717
1757015257.1633484,0.18577,16217.0,bid,1757015256818
1757015257.1633484,0.18582,1486.0,ask,1757015256818
1757015257.5571504,0.18577,16217.0,bid,1757015257140
1757015257.5571504,0.18578,535.0,ask,1757015257140
1757015257.6782708,0.18572,4206.0,bid,1757015257358
1757015257.6782708,0.18578,535.0,ask,1757015257358
1757015257.907381,0.18575,25357.0,bid,1757015257561
1757015257.907381,0.18578,535.0,ask,1757015257561
1757015258.483251,0.18576,45819.0,bid,1757015258090
1757015258.483251,0.18578,535.0,ask,1757015258090
1757015258.6994064,0.18577,1491.0,bid,1757015258362
1757015258.6994064,0.18578,535.0,ask,1757015258362
1757015258.9610596,0.18577,115141.0,bid,1757015258653
1757015258.9610596,0.18578,535.0,ask,1757015258653
1757015259.01697,0.18577,115141.0,bid,1757015258708
1757015259.01697,0.1859,1491.0,ask,1757015258708
1757015259.174319,0.18577,131141.0,bid,1757015258840
1757015259.174319,0.1859,1491.0,ask,1757015258840
1757015259.3194666,0.18577,131061.0,bid,1757015259025
1757015259.3194666,0.1859,1491.0,ask,1757015259025
1757015259.4445584,0.18583,16217.0,bid,1757015259121
1757015259.4445584,0.1859,1491.0,ask,1757015259121
1757015259.8894758,0.18575,70998.0,bid,1757015259519
1757015259.8894758,0.18592,8066.0,ask,1757015259519
1757015260.0324428,0.18575,5335.0,bid,1757015259720
1757015260.0324428,0.18578,19257.0,ask,1757015259720
1757015260.6142411,0.18575,5335.0,bid,1757015259917
1757015260.6142411,0.18578,25676.0,ask,1757015259917
1757015260.63637,0.18583,166504.0,bid,1757015260145
1757015260.63637,0.18584,1488.0,ask,1757015260145
1757015260.7987316,0.18583,166504.0,bid,1757015260289
1757015260.7987316,0.18588,1993.0,ask,1757015260289
1757015260.7987316,0.18583,249756.0,bid,1757015260377
1757015260.7987316,0.18588,1993.0,ask,1757015260377
1757015260.799252,0.18583,238289.0,bid,1757015260450
1757015260.799252,0.18588,1993.0,ask,1757015260450
1757015260.9592829,0.18584,16217.0,bid,1757015260584
1757015260.9592829,0.18588,1993.0,ask,1757015260584
1757015261.0991774,0.18584,16217.0,bid,1757015260793
1757015261.0991774,0.18591,14802.0,ask,1757015260793
1757015261.609521,0.18579,1486.0,bid,1757015261333
1757015261.609521,0.18591,14802.0,ask,1757015261333
1757015261.9475112,0.18584,16217.0,bid,1757015261624
1757015261.9475112,0.18591,14802.0,ask,1757015261624
1757015262.305106,0.18584,16217.0,bid,1757015261978
1757015262.305106,0.18594,24974.0,ask,1757015261978
1757015262.5349452,0.18593,162872.0,bid,1757015262138
1757015262.5349452,0.18594,24974.0,ask,1757015262138
1757015262.6676354,0.18593,244313.0,bid,1757015262215
1757015262.6676354,0.18594,24974.0,ask,1757015262215
1757015262.6681528,0.18585,11344.0,bid,1757015262339
1757015262.6681528,0.18594,24974.0,ask,1757015262339
1757015262.6895556,0.18576,16217.0,bid,1757015262408
1757015262.6895556,0.18594,24974.0,ask,1757015262408
1757015262.766347,0.18576,16217.0,bid,1757015262476
1757015262.766347,0.18593,40354.0,ask,1757015262476
1757015262.8185933,0.18576,16217.0,bid,1757015262534
1757015262.8185933,0.18579,8203.0,ask,1757015262534
1757015263.0667834,0.18577,16000.0,bid,1757015262703
1757015263.0667834,0.18593,147914.0,ask,1757015262703
1757015263.0807908,0.18592,16217.0,bid,1757015262772
1757015263.0807908,0.18593,147914.0,ask,1757015262772
1757015263.2012782,0.18592,16217.0,bid,1757015262854
1757015263.2012782,0.18593,107560.0,ask,1757015262854
1757015263.203052,0.18592,16217.0,bid,1757015262911
1757015263.203052,0.18594,44411.0,ask,1757015262911
1757015263.2851334,0.18592,16217.0,bid,1757015262999
1757015263.2851334,0.18594,29609.0,ask,1757015262999
1757015263.383249,0.18592,16217.0,bid,1757015263058
1757015263.383249,0.18594,4635.0,ask,1757015263058
1757015263.5280325,0.18593,81457.0,bid,1757015263143
1757015263.5280325,0.18594,2341.0,ask,1757015263143
1757015263.592381,0.18593,162914.0,bid,1757015263201
1757015263.592381,0.18598,16274.0,ask,1757015263201
1757015263.6549313,0.18597,162878.0,bid,1757015263336
1757015263.6549313,0.186,1484.0,ask,1757015263336
1757015263.8203425,0.18599,81431.0,bid,1757015263500
1757015263.8203425,0.186,1484.0,ask,1757015263500
1757015264.5263534,0.18599,81431.0,bid,1757015264195
1757015264.5263534,0.186,26458.0,ask,1757015264195
1757015264.6848874,0.18592,16217.0,bid,1757015264394
1757015264.6848874,0.186,26458.0,ask,1757015264394
1757015265.362984,0.18592,16217.0,bid,1757015264498
1757015265.362984,0.186,41260.0,ask,1757015264498
1757015268.2837763,0.18592,16217.0,bid,1757015265360
1757015268.2837763,0.18597,1000.0,ask,1757015265360
1757015268.2837763,0.18589,1484.0,bid,1757015265562
1757015268.2837763,0.18597,2000.0,ask,1757015265562
1757015268.5251226,0.18592,16217.0,bid,1757015266782
1757015268.5251226,0.18597,2000.0,ask,1757015266782
1757015268.5251226,0.18592,16217.0,bid,1757015266904
1757015268.5251226,0.18597,1000.0,ask,1757015266904
1757015268.525668,0.18588,24006.0,bid,1757015267065
1757015268.525668,0.18597,1000.0,ask,1757015267065
1757015268.6106,0.18588,24006.0,bid,1757015267188
1757015268.6106,0.186,41260.0,ask,1757015267188
1757015268.698258,0.18588,24006.0,bid,1757015267277
1757015268.698258,0.186,41460.0,ask,1757015267277
1757015268.7661326,0.18588,24006.0,bid,1757015267487
1757015268.7661326,0.186,49523.0,ask,1757015267487
1757015268.8009567,0.18589,1474.0,bid,1757015267993
1757015268.8009567,0.186,24549.0,ask,1757015267993
1757015268.8332431,0.18589,21710.0,bid,1757015268094
1757015268.8332431,0.186,24549.0,ask,1757015268094
1757015268.9992712,0.18589,21710.0,bid,1757015268513
1757015268.9992712,0.18599,24974.0,ask,1757015268513
1757015269.2542236,0.18592,16217.0,bid,1757015268923
1757015269.2542236,0.18599,24974.0,ask,1757015268923
1757015269.5704095,0.18592,16217.0,bid,1757015269341
1757015269.5704095,0.18599,26443.0,ask,1757015269341
1757015270.071255,0.18593,8091.0,bid,1757015269544
1757015270.071255,0.18599,24974.0,ask,1757015269544
1757015270.0749173,0.18593,7898.0,bid,1757015269632
1757015270.0749173,0.18599,24974.0,ask,1757015269632
1757015270.5290754,0.18593,7898.0,bid,1757015269799
1757015270.5290754,0.18602,107505.0,ask,1757015269799
1757015270.5290754,0.18593,7898.0,bid,1757015269957
1757015270.5290754,0.18603,2301.0,ask,1757015269957
1757015270.763098,0.18592,16217.0,bid,1757015270310
1757015270.763098,0.186,1468.0,ask,1757015270310
1757015271.1888342,0.18592,30010.0,bid,1757015270830
1757015271.1888342,0.18601,24974.0,ask,1757015270830
1757015271.2111223,0.186,81426.0,bid,1757015270884
1757015271.2111223,0.18601,24974.0,ask,1757015270884
1757015271.4299834,0.186,81426.0,bid,1757015271043
1757015271.4299834,0.18601,24018.0,ask,1757015271043
1757015271.5126126,0.18598,24006.0,bid,1757015271115
1757015271.5126126,0.18602,24006.0,ask,1757015271115
1757015271.592668,0.18598,24006.0,bid,1757015271190
1757015271.592668,0.18599,24228.0,ask,1757015271190
1757015271.730354,0.18593,2734.0,bid,1757015271392
1757015271.730354,0.18599,34383.0,ask,1757015271392
1757015271.8110332,0.18593,2734.0,bid,1757015271486
1757015271.8110332,0.18595,8165.0,ask,1757015271486
1757015271.9141731,0.18593,2734.0,bid,1757015271594
1757015271.9141731,0.18594,8169.0,ask,1757015271594
1757015272.18714,0.18587,5378.0,bid,1757015271724
1757015272.18714,0.18594,32555.0,ask,1757015271724
1757015272.2505715,0.18577,1790.0,bid,1757015271881
1757015272.2505715,0.18588,8182.0,ask,1757015271881
1757015272.290255,0.18569,16000.0,bid,1757015271967
1757015272.290255,0.18588,8182.0,ask,1757015271967
1757015272.4514568,0.18569,16000.0,bid,1757015272016
1757015272.4514568,0.18586,7972.0,ask,1757015272016
1757015272.8307068,0.18569,16000.0,bid,1757015272184
1757015272.8307068,0.18582,82066.0,ask,1757015272184
1757015272.8418171,0.18578,1786.0,bid,1757015272381
1757015272.8418171,0.18582,82066.0,ask,1757015272381
1757015272.9611435,0.18578,1786.0,bid,1757015272603
1757015272.9611435,0.18581,16217.0,ask,1757015272603
1757015273.0183873,0.18578,1786.0,bid,1757015272675
1757015273.0183873,0.18581,178856.0,ask,1757015272675
1757015273.0992131,0.18573,5575.0,bid,1757015272788
1757015273.0992131,0.1858,1795.0,ask,1757015272788
1757015273.207226,0.18573,5575.0,bid,1757015272843
1757015273.207226,0.18576,1994.0,ask,1757015272843
1757015273.2220347,0.18573,2734.0,bid,1757015272902
1757015273.2220347,0.18576,3988.0,ask,1757015272902
1757015273.4843917,0.18573,8515.0,bid,1757015273192
1757015273.4843917,0.18576,1994.0,ask,1757015273192
1757015273.5598729,0.18573,5781.0,bid,1757015273295
1757015273.5598729,0.18576,1994.0,ask,1757015273295
1757015273.64756,0.18574,40348.0,bid,1757015273324
1757015273.64756,0.18583,2060.0,ask,1757015273324
1757015273.6979563,0.18581,81491.0,bid,1757015273395
1757015273.6979563,0.18583,2060.0,ask,1757015273395
1757015273.8381484,0.18581,240901.0,bid,1757015273544
1757015273.8381484,0.18583,2060.0,ask,1757015273544
1757015273.864042,0.18575,24006.0,bid,1757015273596
1757015273.864042,0.18583,2060.0,ask,1757015273596
1757015274.0257843,0.18576,56953.0,bid,1757015273740
1757015274.0257843,0.18583,4429.0,ask,1757015273740
1757015274.057858,0.18574,23203.0,bid,1757015273795
1757015274.057858,0.18577,8192.0,ask,1757015273795
1757015274.1475809,0.18564,24455.0,bid,1757015273902
1757015274.1475809,0.18582,16217.0,ask,1757015273902
1757015274.233354,0.18575,1497.0,bid,1757015273932
1757015274.233354,0.18582,16217.0,ask,1757015273932
1757015274.3232534,0.18575,1497.0,bid,1757015273994
1757015274.3232534,0.18576,4809.0,ask,1757015273994
1757015274.512453,0.18575,1497.0,bid,1757015274105
1757015274.512453,0.18582,16217.0,ask,1757015274105
1757015274.527942,0.18575,1497.0,bid,1757015274196
1757015274.527942,0.18581,107631.0,ask,1757015274196
1757015274.6868043,0.18576,3988.0,bid,1757015274409
1757015274.6868043,0.18581,107631.0,ask,1757015274409
1757015275.0592186,0.18575,1497.0,bid,1757015274814
1757015275.0592186,0.18581,107631.0,ask,1757015274814
1757015275.152023,0.18575,1497.0,bid,1757015274877
1757015275.152023,0.18581,108169.0,ask,1757015274877
1757015275.9424706,0.18575,1497.0,bid,1757015275194
1757015275.9424706,0.18581,538.0,ask,1757015275194
1757015275.9839659,0.18575,1497.0,bid,1757015275581
1757015275.9839659,0.1858,6417.0,ask,1757015275581
1757015276.5295522,0.18575,1497.0,bid,1757015276262
1757015276.5295522,0.18581,108165.0,ask,1757015276262
1757015276.67663,0.18575,1497.0,bid,1757015276377
1757015276.67663,0.18581,107627.0,ask,1757015276377
1757015276.762316,0.18576,47795.0,bid,1757015276467
1757015276.762316,0.18583,2060.0,ask,1757015276467
1757015276.8942807,0.18582,244680.0,bid,1757015276522
1757015276.8942807,0.18583,2060.0,ask,1757015276522
1757015277.0009441,0.18582,407800.0,bid,1757015276621
1757015277.0009441,0.18583,2060.0,ask,1757015276621
1757015277.0444672,0.18582,407800.0,bid,1757015276702
1757015277.0444672,0.18592,107560.0,ask,1757015276702
1757015277.275386,0.18582,163120.0,bid,1757015276823
1757015277.275386,0.18592,107560.0,ask,1757015276823
1757015277.326439,0.18588,163082.0,bid,1757015276904
1757015277.326439,0.18592,107560.0,ask,1757015276904
1757015277.4642632,0.18588,163082.0,bid,1757015277025
1757015277.4642632,0.18593,4492.0,ask,1757015277025
1757015277.5491006,0.18579,16217.0,bid,1757015277241
1757015277.5491006,0.18593,4492.0,ask,1757015277241
1757015277.663446,0.18579,16217.0,bid,1757015277324
1757015277.663446,0.18592,538.0,ask,1757015277324
1757015277.8527567,0.18579,16217.0,bid,1757015277524
1757015277.8527567,0.18592,24544.0,ask,1757015277524
1757015278.0253925,0.18591,25589.0,bid,1757015277627
1757015278.0253925,0.18592,24544.0,ask,1757015277627
1757015278.11319,0.18589,17947.0,bid,1757015277724
1757015278.11319,0.18592,41872.0,ask,1757015277724
1757015278.168542,0.18589,17947.0,bid,1757015277826
1757015278.168542,0.18592,17866.0,ask,1757015277826
1757015278.3914278,0.18589,17947.0,bid,1757015278026
1757015278.3914278,0.18592,17046.0,ask,1757015278026
1757015278.4527175,0.1859,20959.0,bid,1757015278124
1757015278.4527175,0.18596,5000.0,ask,1757015278124
1757015278.5919628,0.18591,1582.0,bid,1757015278202
1757015278.5919628,0.18596,4000.0,ask,1757015278202
1757015278.673724,0.18595,81530.0,bid,1757015278323
1757015278.673724,0.18596,4000.0,ask,1757015278323
1757015278.8105154,0.18595,326120.0,bid,1757015278432
1757015278.8105154,0.18605,16217.0,ask,1757015278432
1757015278.8565154,0.18595,326120.0,bid,1757015278524
1757015278.8565154,0.18603,2158.0,ask,1757015278524
1757015278.9655375,0.18595,326120.0,bid,1757015278631
1757015278.9655375,0.18603,4556.0,ask,1757015278631
1757015279.0747879,0.18601,81516.0,bid,1757015278725
1757015279.0747879,0.18603,4556.0,ask,1757015278725
1757015279.2929544,0.18591,16217.0,bid,1757015278923
1757015279.2929544,0.18603,4556.0,ask,1757015278923
1757015279.4284232,0.18597,1560.0,bid,1757015279036
1757015279.4284232,0.18602,25793.0,ask,1757015279036
1757015279.443553,0.18591,16217.0,bid,1757015279204
1757015279.443553,0.18602,25793.0,ask,1757015279204
1757015279.6635628,0.18591,16217.0,bid,1757015279381
1757015279.6635628,0.18602,20793.0,ask,1757015279381
1757015279.703107,0.18591,16217.0,bid,1757015279438
1757015279.703107,0.18601,14631.0,ask,1757015279438
1757015279.7689319,0.1859,31679.0,bid,1757015279529
1757015279.7689319,0.18598,16217.0,ask,1757015279529
1757015279.8638797,0.1859,31679.0,bid,1757015279584
1757015279.8638797,0.18591,8096.0,ask,1757015279584
1757015279.9800482,0.1859,31679.0,bid,1757015279729
1757015279.9800482,0.18591,16192.0,ask,1757015279729
1757015280.0771687,0.1859,31679.0,bid,1757015279782
1757015280.0771687,0.18591,24288.0,ask,1757015279782
1757015280.2509098,0.1859,31679.0,bid,1757015279929
1757015280.2509098,0.18591,8096.0,ask,1757015279929
1757015280.26095,0.1859,200.0,bid,1757015279992
1757015280.26095,0.18591,8096.0,ask,1757015279992
1757015280.9727778,0.18589,1526.0,bid,1757015280184
1757015280.9727778,0.18591,8096.0,ask,1757015280184
1757015280.973821,0.18589,1526.0,bid,1757015280564
1757015280.973821,0.18597,23341.0,ask,1757015280564
1757015281.0763822,0.18596,244584.0,bid,1757015280647
1757015281.0763822,0.18597,23341.0,ask,1757015280647
1757015281.4129422,0.18596,244584.0,bid,1757015281075
1757015281.4129422,0.18598,5335.0,ask,1757015281075
1757015281.627865,0.18596,81528.0,bid,1757015281274
1757015281.627865,0.18597,122196.0,ask,1757015281274
1757015281.7286541,0.1858,83686.0,bid,1757015281374
1757015281.7286541,0.18597,14631.0,ask,1757015281374
1757015281.8201504,0.1858,26733.0,bid,1757015281450
1757015281.8201504,0.18597,14631.0,ask,1757015281450
1757015281.9164681,0.18584,3102.0,bid,1757015281572
1757015281.9164681,0.18596,17297.0,ask,1757015281572
1757015282.040514,0.18594,1562.0,bid,1757015281654
1757015282.040514,0.18596,17297.0,ask,1757015281654
1757015282.1684456,0.18594,1562.0,bid,1757015281655
1757015282.1684456,0.18596,12297.0,ask,1757015281655
1757015282.2440555,0.18595,16217.0,bid,1757015281850
1757015282.2440555,0.18596,12297.0,ask,1757015281850
1757015282.503239,0.18595,11917.0,bid,1757015282080
1757015282.503239,0.18596,12297.0,ask,1757015282080
1757015282.6500697,0.18595,17848.0,bid,1757015282179
1757015282.6500697,0.186,6417.0,ask,1757015282179
1757015282.7209678,0.18599,244571.0,bid,1757015282378
1757015282.7209678,0.18602,2105.0,ask,1757015282378
1757015282.7509534,0.18599,244571.0,bid,1757015282436
1757015282.7509534,0.18604,107512.0,ask,1757015282436
1757015282.853752,0.18601,72589.0,bid,1757015282579
1757015282.853752,0.18604,107512.0,ask,1757015282579
1757015283.0078878,0.18601,72589.0,bid,1757015282644
1757015283.0078878,0.18611,107497.0,ask,1757015282644
1757015283.0828776,0.18601,72589.0,bid,1757015282693
1757015283.0828776,0.18607,23341.0,ask,1757015282693
1757015283.144043,0.18599,81523.0,bid,1757015282780
1757015283.144043,0.18607,23341.0,ask,1757015282780
1757015283.180752,0.18595,17848.0,bid,1757015282886
1757015283.180752,0.18607,23341.0,ask,1757015282886
1757015283.3458364,0.18595,11034.0,bid,1757015283026
1757015283.3458364,0.18607,23341.0,ask,1757015283026
1757015283.4401436,0.18602,1575.0,bid,1757015283107
1757015283.4401436,0.18607,23341.0,ask,1757015283107
1757015283.5523534,0.18602,1575.0,bid,1757015283239
1757015283.5523534,0.18606,107499.0,ask,1757015283239
1757015284.1340258,0.18602,1575.0,bid,1757015283864
1757015284.1340258,0.18606,23341.0,ask,1757015283864
1757015284.401044,0.18604,16217.0,bid,1757015284067
1757015284.401044,0.18608,8060.0,ask,1757015284067
1757015284.8820648,0.18604,16217.0,bid,1757015284620
1757015284.8820648,0.18608,31401.0,ask,1757015284620
1757015284.9805553,0.18604,16217.0,bid,1757015284693
1757015284.9805553,0.1861,6417.0,ask,1757015284693
1757015285.1093643,0.18607,1647.0,bid,1757015284820
1757015285.1093643,0.1861,6417.0,ask,1757015284820
1757015285.8065789,0.18607,1647.0,bid,1757015285154
1757015285.8065789,0.18611,22690.0,ask,1757015285154
1757015285.9894114,0.18607,1647.0,bid,1757015285307
1757015285.9894114,0.18611,14631.0,ask,1757015285307
1757015286.010446,0.18607,1647.0,bid,1757015285624
1757015286.010446,0.18609,8059.0,ask,1757015285624
1757015286.405131,0.18607,1647.0,bid,1757015285901
1757015286.405131,0.18609,31400.0,ask,1757015285901
1757015286.405131,0.18607,1647.0,bid,1757015286061
1757015286.405131,0.18609,46031.0,ask,1757015286061
1757015286.562589,0.18607,1647.0,bid,1757015286222
1757015286.562589,0.18609,22690.0,ask,1757015286222
1757015287.028464,0.18608,24364.0,bid,1757015286623
1757015287.028464,0.18609,22690.0,ask,1757015286623
1757015287.143658,0.18608,34246.0,bid,1757015286739
1757015287.143658,0.18617,23341.0,ask,1757015286739
1757015287.3169718,0.18614,159990.0,bid,1757015286920
1757015287.3169718,0.1862,200.0,ask,1757015286920
1757015287.498031,0.18614,159990.0,bid,1757015287028
1757015287.498031,0.18622,4207.0,ask,1757015287028
1757015287.6337867,0.18613,16217.0,bid,1757015287142
1757015287.6337867,0.18622,4207.0,ask,1757015287142
1757015287.7600636,0.18621,79967.0,bid,1757015287352
1757015287.7600636,0.18622,4207.0,ask,1757015287352
1757015287.7791765,0.18621,159934.0,bid,1757015287427
1757015287.7791765,0.18622,12261.0,ask,1757015287427
1757015287.8976884,0.18621,239912.0,bid,1757015287523
1757015287.8976884,0.18622,12261.0,ask,1757015287523
1757015288.0559976,0.18621,337771.0,bid,1757015287658
1757015288.0559976,0.18622,6417.0,ask,1757015287658
1757015288.4481978,0.18621,257804.0,bid,1757015287959
1757015288.4481978,0.18622,6417.0,ask,1757015287959
1757015288.6940298,0.18621,177826.0,bid,1757015288256
1757015288.6940298,0.18622,6417.0,ask,1757015288256
1757015288.8304565,0.18621,177826.0,bid,1757015288477
1757015288.8304565,0.18632,27724.0,ask,1757015288477
1757015288.935318,0.18627,79966.0,bid,1757015288632
1757015288.935318,0.18632,27724.0,ask,1757015288632
1757015289.2838857,0.18621,17881.0,bid,1757015288856
1757015289.2838857,0.18632,27724.0,ask,1757015288856
1757015289.5101507,0.18621,16137.0,bid,1757015289075
1757015289.5101507,0.18631,38799.0,ask,1757015289075
1757015289.9309702,0.1862,4213.0,bid,1757015289574
1757015289.9309702,0.1863,23341.0,ask,1757015289574
1757015290.2350614,0.18625,1637.0,bid,1757015289876
1757015290.2350614,0.1863,23341.0,ask,1757015289876
1757015290.4947102,0.18622,16217.0,bid,1757015290074
1757015290.4947102,0.1863,22590.0,ask,1757015290074
1757015291.5238104,0.18628,1629.0,bid,1757015290805
1757015291.5238104,0.1863,22590.0,ask,1757015290805
1757015291.5323892,0.18628,1629.0,bid,1757015290905
1757015291.5323892,0.18629,56395.0,ask,1757015290905
1757015291.832132,0.1862,4213.0,bid,1757015291286
1757015291.832132,0.18629,56753.0,ask,1757015291286
1757015291.9865067,0.18608,5904.0,bid,1757015291339
1757015291.9865067,0.18621,9510.0,ask,1757015291339
1757015291.9865067,0.18608,5904.0,bid,1757015291501
1757015291.9865067,0.18617,9512.0,ask,1757015291501
1757015292.0752282,0.18608,5904.0,bid,1757015291661
1757015292.0752282,0.18617,19024.0,ask,1757015291661
1757015292.122617,0.18606,5483.0,bid,1757015291736
1757015292.122617,0.18617,19024.0,ask,1757015291736
1757015292.4916637,0.1861,56953.0,bid,1757015292009
1757015292.4916637,0.18615,9517.0,ask,1757015292009
1757015292.5481477,0.1861,56953.0,bid,1757015292200
1757015292.5481477,0.18617,9512.0,ask,1757015292200
1757015292.6419895,0.1861,56953.0,bid,1757015292299
1757015292.6419895,0.18619,24006.0,ask,1757015292299
1757015292.7490165,0.1861,56953.0,bid,1757015292419
1757015292.7490165,0.18619,19006.0,ask,1757015292419
1757015292.9554236,0.18613,1490.0,bid,1757015292605
1757015292.9554236,0.18619,19006.0,ask,1757015292605
1757015293.2866461,0.1861,56953.0,bid,1757015292965
1757015293.2866461,0.18615,88483.0,ask,1757015292965
1757015293.5400355,0.1861,56953.0,bid,1757015293166
1757015293.5400355,0.18611,28596.0,ask,1757015293166
1757015293.563532,0.18598,1000.0,bid,1757015293228
1757015293.563532,0.18611,38128.0,ask,1757015293228
1757015293.5823765,0.18595,5373.0,bid,1757015293320
1757015293.5823765,0.18605,9541.0,ask,1757015293320
1757015293.6884134,0.18597,25512.0,bid,1757015293371
1757015293.6884134,0.18605,9541.0,ask,1757015293371
1757015294.0236442,0.18601,82066.0,bid,1757015293637
1757015294.0236442,0.18611,136047.0,ask,1757015293637
1757015294.0780268,0.18601,82066.0,bid,1757015293721
1757015294.0780268,0.18611,107451.0,ask,1757015293721
1757015294.4423108,0.18601,98066.0,bid,1757015294022
1757015294.4423108,0.18611,107451.0,ask,1757015294022
1757015294.6145754,0.18603,1510.0,bid,1757015294246
1757015294.6145754,0.18611,107451.0,ask,1757015294246
1757015294.6966238,0.18603,1510.0,bid,1757015294431
1757015294.6966238,0.1861,23341.0,ask,1757015294431
1757015295.467459,0.18603,1510.0,bid,1757015295163
1757015295.467459,0.1861,18341.0,ask,1757015295163
1757015297.1516092,0.18603,1510.0,bid,1757015296647
1757015297.1516092,0.1861,18878.0,ask,1757015296647
1757015298.277081,0.18607,24006.0,bid,1757015297864
1757015298.277081,0.1861,18878.0,ask,1757015297864
1757015298.8176513,0.18608,1497.0,bid,1757015298373
1757015298.8176513,0.1861,18878.0,ask,1757015298373
1757015298.979353,0.18608,1497.0,bid,1757015298688
1757015298.979353,0.1861,2654.0,ask,1757015298688
1757015299.582383,0.18602,16217.0,bid,1757015299268
1757015299.582383,0.1861,2654.0,ask,1757015299268
1757015300.1126318,0.18607,1494.0,bid,1757015299800
1757015300.1126318,0.1861,2654.0,ask,1757015299800
1757015301.7150474,0.18607,1494.0,bid,1757015301020
1757015301.7150474,0.1861,1697.0,ask,1757015301020
1757015301.8208668,0.18602,16217.0,bid,1757015301220
1757015301.8208668,0.1861,1697.0,ask,1757015301220
1757015302.1007314,0.18608,1488.0,bid,1757015301831
1757015302.1007314,0.1861,1697.0,ask,1757015301831
1757015302.5740275,0.18608,360.0,bid,1757015302105
1757015302.5740275,0.1861,1585.0,ask,1757015302105
1757015302.8407795,0.18608,360.0,bid,1757015302526
1757015302.8407795,0.1861,537.0,ask,1757015302526
1757015303.5529768,0.18608,360.0,bid,1757015303245
1757015303.5529768,0.1861,22855.0,ask,1757015303245
1757015304.1880682,0.18608,360.0,bid,1757015303909
1757015304.1880682,0.18609,24222.0,ask,1757015303909
1757015304.860891,0.18601,82066.0,bid,1757015304470
1757015304.860891,0.18611,8059.0,ask,1757015304470
1757015304.9476445,0.18602,16217.0,bid,1757015304750
1757015304.9476445,0.18611,8059.0,ask,1757015304750
1757015304.9827914,0.18608,1480.0,bid,1757015304804
1757015304.9827914,0.18611,8059.0,ask,1757015304804
1757015306.324699,0.18608,1480.0,bid,1757015305518
1757015306.324699,0.1861,24222.0,ask,1757015305518
1757015306.959869,0.18608,1480.0,bid,1757015306687
1757015306.959869,0.18611,8059.0,ask,1757015306687
1757015307.2697964,0.18608,1480.0,bid,1757015306944
1757015307.2697964,0.18611,32281.0,ask,1757015306944
1757015307.5375159,0.18608,1480.0,bid,1757015307173
1757015307.5375159,0.18611,24222.0,ask,1757015307173
1757015307.5943103,0.1861,16217.0,bid,1757015307291
1757015307.5943103,0.18616,27318.0,ask,1757015307291
1757015307.779739,0.18615,79993.0,bid,1757015307371
1757015307.779739,0.18619,2089.0,ask,1757015307371
1757015307.8527105,0.18616,159978.0,bid,1757015307493
1757015307.8527105,0.18619,2089.0,ask,1757015307493
1757015307.955296,0.18616,159978.0,bid,1757015307593
1757015307.955296,0.1862,12534.0,ask,1757015307593
1757015308.2096286,0.18619,239969.0,bid,1757015307837
1757015308.2096286,0.1862,10445.0,ask,1757015307837
1757015308.2605004,0.18619,239969.0,bid,1757015307995
1757015308.2605004,0.18622,8054.0,ask,1757015307995
1757015308.5161808,0.18621,79982.0,bid,1757015308047
1757015308.5161808,0.18622,8054.0,ask,1757015308047
1757015308.584202,0.18625,159930.0,bid,1757015308252
1757015308.584202,0.18632,4580.0,ask,1757015308252
1757015309.0249963,0.18627,79962.0,bid,1757015308664
1757015309.0249963,0.18632,4580.0,ask,1757015308664
1757015309.131952,0.18618,16217.0,bid,1757015308806
1757015309.131952,0.18632,4580.0,ask,1757015308806
1757015309.243017,0.18628,1474.0,bid,1757015308953
1757015309.243017,0.18632,4580.0,ask,1757015308953
1757015309.5628674,0.1862,12534.0,bid,1757015309164
1757015309.5628674,0.18631,53689.0,ask,1757015309164
1757015309.6279147,0.18622,8054.0,bid,1757015309216
1757015309.6279147,0.18631,53689.0,ask,1757015309216
1757015309.8623128,0.18622,8054.0,bid,1757015309503
1757015309.8623128,0.18631,147564.0,ask,1757015309503
1757015310.1360815,0.18623,1473.0,bid,1757015309727
1757015310.1360815,0.1863,38839.0,ask,1757015309727
1757015310.2164016,0.18623,1473.0,bid,1757015309783
1757015310.2164016,0.18629,8051.0,ask,1757015309783
1757015310.4220986,0.18619,16575.0,bid,1757015310107
1757015310.4220986,0.1863,146179.0,ask,1757015310107
1757015310.4657779,0.18619,16217.0,bid,1757015310178
1757015310.4657779,0.1863,146179.0,ask,1757015310178
1757015310.5805604,0.18619,16217.0,bid,1757015310240
1757015310.5805604,0.1863,38839.0,ask,1757015310240
1757015311.409885,0.18625,1473.0,bid,1757015310720
1757015311.409885,0.1863,38839.0,ask,1757015310720
1757015311.4242206,0.18625,1473.0,bid,1757015311034
1757015311.4242206,0.1863,14617.0,ask,1757015311034
1757015311.5738294,0.18619,32575.0,bid,1757015311244
1757015311.5738294,0.1863,14617.0,ask,1757015311244
1757015311.7440372,0.18619,16575.0,bid,1757015311293
1757015311.7440372,0.1863,14617.0,ask,1757015311293
1757015311.8704724,0.18619,16575.0,bid,1757015311525
1757015311.8704724,0.18629,24222.0,ask,1757015311525
1757015311.9264548,0.18625,1470.0,bid,1757015311611
1757015311.9264548,0.18629,24222.0,ask,1757015311611
1757015311.9845743,0.18628,82066.0,bid,1757015311669
1757015311.9845743,0.18629,24222.0,ask,1757015311669
1757015312.3417158,0.18628,82066.0,bid,1757015311850
1757015312.3417158,0.1863,18280.0,ask,1757015311850
1757015312.3445203,0.18629,79954.0,bid,1757015311929
1757015312.3445203,0.1863,18280.0,ask,1757015311929
1757015312.4481182,0.18629,159925.0,bid,1757015312051
1757015312.4481182,0.1864,16108.0,ask,1757015312051
1757015312.5263126,0.18634,79949.0,bid,1757015312129
1757015312.5263126,0.1864,16108.0,ask,1757015312129
1757015312.6389344,0.18634,159898.0,bid,1757015312307
1757015312.6389344,0.1864,16108.0,ask,1757015312307
1757015312.841821,0.18635,79947.0,bid,1757015312455
1757015312.841821,0.1864,16108.0,ask,1757015312455
1757015312.8738294,0.18629,38941.0,bid,1757015312531
1757015312.8738294,0.1864,16108.0,ask,1757015312531
1757015313.0879264,0.18631,107328.0,bid,1757015312658
1757015313.0879264,0.18647,27318.0,ask,1757015312658
1757015313.139599,0.18634,2636.0,bid,1757015312733
1757015313.139599,0.18647,27318.0,ask,1757015312733
1757015313.367745,0.18645,159826.0,bid,1757015312853
1757015313.367745,0.18647,27318.0,ask,1757015312853
1757015313.420685,0.18645,239741.0,bid,1757015313007
1757015313.420685,0.18647,27318.0,ask,1757015313007
1757015313.420685,0.1864,82066.0,bid,1757015313064
1757015313.420685,0.1865,38619.0,ask,1757015313064
1757015313.4688222,0.18644,2609.0,bid,1757015313135
1757015313.4688222,0.1865,24222.0,ask,1757015313135
1757015313.6477633,0.18649,319626.0,bid,1757015313267
1757015313.6477633,0.1865,24222.0,ask,1757015313267
1757015313.8668866,0.18647,16217.0,bid,1757015313467
1757015313.8668866,0.1865,24222.0,ask,1757015313467
1757015314.0063827,0.18649,1471.0,bid,1757015313636
1757015314.0063827,0.1865,24222.0,ask,1757015313636
1757015314.2536693,0.18649,1471.0,bid,1757015313927
1757015314.2536693,0.18653,14617.0,ask,1757015313927
1757015314.4745333,0.18652,159820.0,bid,1757015314141
1757015314.4745333,0.18653,14617.0,ask,1757015314141
1757015314.5211174,0.18652,159820.0,bid,1757015314256
1757015314.5211174,0.18657,115247.0,ask,1757015314256
1757015314.5676947,0.18655,79412.0,bid,1757015314309
1757015314.5676947,0.18656,24222.0,ask,1757015314309
1757015314.7110245,0.18655,239210.0,bid,1757015314439
1757015314.7110245,0.18656,24222.0,ask,1757015314439
1757015314.7632387,0.18655,239210.0,bid,1757015314508
1757015314.7632387,0.18656,131434.0,ask,1757015314508
1757015314.974294,0.18653,1471.0,bid,1757015314707
1757015314.974294,0.18656,24222.0,ask,1757015314707
1757015315.018337,0.18653,1471.0,bid,1757015314774
1757015315.018337,0.18656,38839.0,ask,1757015314774
1757015315.3176925,0.1865,14149.0,bid,1757015314945
1757015315.3176925,0.18656,24222.0,ask,1757015314945
1757015315.6465247,0.18654,2915.0,bid,1757015315348
1757015315.6465247,0.18656,24222.0,ask,1757015315348
1757015316.4407492,0.18655,82066.0,bid,1757015315482
1757015316.4407492,0.18661,18280.0,ask,1757015315482
1757015316.6827972,0.1866,239394.0,bid,1757015315750
1757015316.6827972,0.18661,18280.0,ask,1757015315750
1757015316.6916614,0.1866,239394.0,bid,1757015316088
1757015316.6916614,0.18668,5955.0,ask,1757015316088
1757015316.6921895,0.18655,17686.0,bid,1757015316207
1757015316.6921895,0.18661,107167.0,ask,1757015316207
1757015316.8643749,0.18655,16217.0,bid,1757015316358
1757015316.8643749,0.1866,40209.0,ask,1757015316358
1757015316.9222465,0.18655,22252.0,bid,1757015316434
1757015316.9222465,0.1866,40209.0,ask,1757015316434
1757015316.9413984,0.18656,82066.0,bid,1757015316578
1757015316.9413984,0.1866,40209.0,ask,1757015316578
1757015317.009204,0.18656,82066.0,bid,1757015316638
1757015317.009204,0.18661,14617.0,ask,1757015316638
1757015317.4394886,0.18656,82066.0,bid,1757015316831
1757015317.4394886,0.18661,6417.0,ask,1757015316831
1757015317.4394886,0.1866,1473.0,bid,1757015316898
1757015317.4394886,0.18661,6417.0,ask,1757015316898
1757015317.4394886,0.1866,81281.0,bid,1757015316982
1757015317.4394886,0.18661,6417.0,ask,1757015316982
1757015317.4520068,0.1866,161089.0,bid,1757015317098
1757015317.4520068,0.18661,6417.0,ask,1757015317098
1757015317.5240974,0.1866,81281.0,bid,1757015317221
1757015317.5240974,0.18661,6417.0,ask,1757015317221
1757015317.7111292,0.1866,79808.0,bid,1757015317449
1757015317.7111292,0.18661,6417.0,ask,1757015317449
1757015317.8180866,0.18655,56953.0,bid,1757015317516
1757015317.8180866,0.18662,23615.0,ask,1757015317516
1757015317.9449623,0.18655,56953.0,bid,1757015317655
1757015317.9449623,0.18656,9502.0,ask,1757015317655
1757015318.244303,0.18655,56953.0,bid,1757015317850
1757015318.244303,0.18656,28506.0,ask,1757015317850
1757015318.4204085,0.18655,56953.0,bid,1757015318132
1757015318.4204085,0.18661,41772.0,ask,1757015318132
1757015318.5264297,0.18655,56953.0,bid,1757015318188
1757015318.5264297,0.18661,14454.0,ask,1757015318188
1757015318.776191,0.18655,56953.0,bid,1757015318389
1757015318.776191,0.18661,6417.0,ask,1757015318389
1757015318.8375227,0.18655,56953.0,bid,1757015318518
1757015318.8375227,0.1866,55882.0,ask,1757015318518
1757015318.898988,0.18655,56953.0,bid,1757015318590
1757015318.898988,0.1866,53618.0,ask,1757015318590
1757015319.0324445,0.18655,56953.0,bid,1757015318729
1757015319.0324445,0.18659,8038.0,ask,1757015318729
1757015319.2531946,0.18653,1471.0,bid,1757015318940
1757015319.2531946,0.18659,8038.0,ask,1757015318940
1757015319.4065819,0.18656,16217.0,bid,1757015319077
1757015319.4065819,0.18659,8038.0,ask,1757015319077
1757015319.82574,0.18647,16217.0,bid,1757015319500
1757015319.82574,0.18659,8038.0,ask,1757015319500
1757015319.9021904,0.1865,29444.0,bid,1757015319552
1757015319.9021904,0.18659,8038.0,ask,1757015319552
1757015319.934182,0.1865,29444.0,bid,1757015319627
1757015319.934182,0.1866,24222.0,ask,1757015319627
1757015320.20705,0.18655,17684.0,bid,1757015319902
1757015320.20705,0.1866,24222.0,ask,1757015319902
1757015320.4802809,0.18655,17684.0,bid,1757015320059
1757015320.4802809,0.1866,23471.0,ask,1757015320059
1757015320.7827985,0.18655,1467.0,bid,1757015320482
1757015320.7827985,0.18661,6417.0,ask,1757015320482
1757015321.3196287,0.18655,1467.0,bid,1757015320553
1757015321.3196287,0.18663,4708.0,ask,1757015320553
1757015321.6393902,0.18655,1467.0,bid,1757015320854
1757015321.6393902,0.1866,17357.0,ask,1757015320854
1757015322.3411102,0.18655,1467.0,bid,1757015321881
1757015322.3411102,0.18659,16285.0,ask,1757015321881
1757015322.4988952,0.18655,1467.0,bid,1757015322182
1757015322.4988952,0.18657,18280.0,ask,1757015322182
1757015322.650132,0.1864,18257.0,bid,1757015322281
1757015322.650132,0.18656,1465.0,ask,1757015322281
1757015322.7663875,0.1864,18257.0,bid,1757015322428
1757015322.7663875,0.1865,15860.0,ask,1757015322428
1757015322.792153,0.1864,18257.0,bid,1757015322503
1757015322.792153,0.1865,31720.0,ask,1757015322503
1757015322.9843347,0.18645,16217.0,bid,1757015322630
1757015322.9843347,0.18656,176235.0,ask,1757015322630
1757015323.143929,0.18645,16217.0,bid,1757015322701
1757015323.143929,0.18656,190878.0,ask,1757015322701
1757015323.2009764,0.18645,16217.0,bid,1757015322791
1757015323.2009764,0.1865,107227.0,ask,1757015322791
1757015323.4631147,0.18645,16217.0,bid,1757015323041
1757015323.4631147,0.18654,2230.0,ask,1757015323041
1757015323.5600686,0.18646,1463.0,bid,1757015323149
1757015323.5600686,0.18654,10270.0,ask,1757015323149
1757015323.5786839,0.18646,1463.0,bid,1757015323271
1757015323.5786839,0.18654,12864.0,ask,1757015323271
1757015323.680805,0.18646,1463.0,bid,1757015323400
1757015323.680805,0.1865,24222.0,ask,1757015323400
1757015323.8481812,0.1864,18057.0,bid,1757015323496
1757015323.8481812,0.1865,42502.0,ask,1757015323496
1757015324.2459586,0.18643,1461.0,bid,1757015323853
1757015324.2459586,0.1865,18280.0,ask,1757015323853
1757015324.3974028,0.18643,1461.0,bid,1757015323961
1757015324.3974028,0.1865,26322.0,ask,1757015323961
1757015326.6963646,0.1864,18057.0,bid,1757015326078
1757015326.6963646,0.1865,26322.0,ask,1757015326078
1757015326.7966473,0.1864,18057.0,bid,1757015326279
1757015326.7966473,0.1865,18280.0,ask,1757015326279
1757015327.096639,0.18642,1460.0,bid,1757015326809
1757015327.096639,0.1865,18280.0,ask,1757015326809
1757015327.443085,0.18642,1460.0,bid,1757015326996
1757015327.443085,0.18648,8043.0,ask,1757015326996
1757015329.2324994,0.1864,18057.0,bid,1757015328944
1757015329.2324994,0.18648,8043.0,ask,1757015328944
1757015329.5848193,0.18641,1460.0,bid,1757015329225
1757015329.5848193,0.18648,8043.0,ask,1757015329225
1757015329.8893416,0.18644,16217.0,bid,1757015329623
1757015329.8893416,0.1865,18280.0,ask,1757015329623
1757015330.1971061,0.18644,16217.0,bid,1757015329829
1757015330.1971061,0.18651,107230.0,ask,1757015329829
1757015330.5525,0.1864,18057.0,bid,1757015330076
1757015330.5525,0.1865,8042.0,ask,1757015330076
1757015330.5650482,0.18645,1460.0,bid,1757015330241
1757015330.5650482,0.1865,23497.0,ask,1757015330241
1757015330.7308197,0.18645,1460.0,bid,1757015330439
1757015330.7308197,0.1865,37279.0,ask,1757015330439
1757015331.256703,0.1864,18057.0,bid,1757015330640
1757015331.256703,0.1865,29237.0,ask,1757015330640
1757015331.6017053,0.1864,18057.0,bid,1757015330954
1757015331.6017053,0.1865,15455.0,ask,1757015330954
1757015331.7275674,0.1863,22555.0,bid,1757015331129
1757015331.7275674,0.18641,23862.0,ask,1757015331129
1757015331.7275674,0.1863,22555.0,bid,1757015331263
1757015331.7275674,0.1864,15908.0,ask,1757015331263
1757015331.8296208,0.1863,22555.0,bid,1757015331324
1757015331.8296208,0.1864,23862.0,ask,1757015331324
1757015332.0175455,0.18612,3049.0,bid,1757015331688
1757015332.0175455,0.18631,32056.0,ask,1757015331688
1757015332.062784,0.18611,21896.0,bid,1757015331738
1757015332.062784,0.18631,32056.0,ask,1757015331738
1757015332.1474645,0.1862,20009.0,bid,1757015331800
1757015332.1474645,0.18626,1611.0,ask,1757015331800
1757015332.2127376,0.1862,20009.0,bid,1757015331864
1757015332.2127376,0.18625,7990.0,ask,1757015331864
1757015332.3664234,0.1862,19203.0,bid,1757015332000
1757015332.3664234,0.18626,10242.0,ask,1757015332000
1757015332.5294359,0.1862,19203.0,bid,1757015332171
1757015332.5294359,0.18623,5044.0,ask,1757015332171
1757015332.78585,0.18612,40223.0,bid,1757015332292
1757015332.78585,0.18623,5044.0,ask,1757015332292
1757015332.78585,0.18612,40223.0,bid,1757015332396
1757015332.78585,0.18623,7377.0,ask,1757015332396
1757015332.8442101,0.18603,138972.0,bid,1757015332475
1757015332.8442101,0.18623,9761.0,ask,1757015332475
1757015332.8598392,0.18603,123208.0,bid,1757015332543
1757015332.8598392,0.18623,9761.0,ask,1757015332543
1757015332.9474099,0.18603,107208.0,bid,1757015332643
1757015332.9474099,0.18623,9761.0,ask,1757015332643
1757015332.9924424,0.18613,1465.0,bid,1757015332701
1757015332.9924424,0.18622,8830.0,ask,1757015332701
1757015333.4067729,0.18613,1465.0,bid,1757015333119
1757015333.4067729,0.18622,107393.0,ask,1757015333119
1757015333.686209,0.18613,1465.0,bid,1757015333400
1757015333.686209,0.18623,5253.0,ask,1757015333400
1757015333.864695,0.18613,1465.0,bid,1757015333533
1757015333.864695,0.18623,4717.0,ask,1757015333533
1757015333.9939425,0.18613,1465.0,bid,1757015333733
1757015333.9939425,0.18623,12771.0,ask,1757015333733
1757015334.2018907,0.18613,8487.0,bid,1757015333920
1757015334.2018907,0.18623,13307.0,ask,1757015333920
1757015334.6897988,0.18613,8487.0,bid,1757015334429
1757015334.6897988,0.18625,106332.0,ask,1757015334429
1757015334.782928,0.18613,8487.0,bid,1757015334521
1757015334.782928,0.18625,122549.0,ask,1757015334521
1757015334.8744063,0.18613,1465.0,bid,1757015334595
1757015334.8744063,0.18625,122549.0,ask,1757015334595
1757015334.96587,0.18613,1465.0,bid,1757015334668
1757015334.96587,0.18615,16217.0,ask,1757015334668
1757015335.0641155,0.18614,16217.0,bid,1757015334839
1757015335.0641155,0.18615,16217.0,ask,1757015334839
1757015335.29845,0.18614,16217.0,bid,1757015335038
1757015335.29845,0.18622,20222.0,ask,1757015335038
1757015335.4011006,0.18614,17680.0,bid,1757015335093
1757015335.4011006,0.18622,20222.0,ask,1757015335093
1757015335.6059093,0.18614,17680.0,bid,1757015335358
1757015335.6059093,0.18622,13805.0,ask,1757015335358
1757015335.8197675,0.18614,17680.0,bid,1757015335560
1757015335.8197675,0.18623,12604.0,ask,1757015335560
1757015336.5766754,0.18614,17680.0,bid,1757015335849
1757015336.5766754,0.18623,4550.0,ask,1757015335849
1757015336.577203,0.18615,24006.0,bid,1757015336097
1757015336.577203,0.18623,4550.0,ask,1757015336097
1757015336.6009405,0.18615,24006.0,bid,1757015336162
1757015336.6009405,0.1862,19047.0,ask,1757015336162
1757015336.7481658,0.18614,1463.0,bid,1757015336453
1757015336.7481658,0.1862,19047.0,ask,1757015336453
1757015336.853603,0.18614,1463.0,bid,1757015336517
1757015336.853603,0.18618,16217.0,ask,1757015336517
1757015337.001558,0.186,32373.0,bid,1757015336626
1757015337.001558,0.18615,19047.0,ask,1757015336626
1757015337.2700496,0.18602,16217.0,bid,1757015336857
1757015337.2700496,0.18615,19047.0,ask,1757015336857
1757015337.3001776,0.18605,24474.0,bid,1757015336950
1757015337.3001776,0.18615,19047.0,ask,1757015336950
1757015337.3912723,0.18608,24006.0,bid,1757015336991
1757015337.3912723,0.18615,19047.0,ask,1757015336991
1757015337.4683504,0.1861,1462.0,bid,1757015337036
1757015337.4683504,0.18615,19047.0,ask,1757015337036
1757015338.0731118,0.18611,19609.0,bid,1757015337759
1757015338.0731118,0.18615,19047.0,ask,1757015337759
1757015338.9082718,0.18611,19609.0,bid,1757015338636
1757015338.9082718,0.18614,16217.0,ask,1757015338636
1757015338.9949563,0.186,56297.0,bid,1757015338722
1757015338.9949563,0.18614,163980.0,ask,1757015338722
1757015339.0153697,0.186,56297.0,bid,1757015338785
1757015339.0153697,0.18612,2295.0,ask,1757015338785
1757015339.162954,0.18603,16217.0,bid,1757015338844
1757015339.162954,0.18606,16034.0,ask,1757015338844
1757015339.268645,0.18603,16217.0,bid,1757015338986
1757015339.268645,0.18606,32068.0,ask,1757015338986
1757015339.4132617,0.18603,16217.0,bid,1757015339117
1757015339.4132617,0.18612,2295.0,ask,1757015339117
1757015339.5059328,0.18603,16217.0,bid,1757015339274
1757015339.5059328,0.18609,8059.0,ask,1757015339274
1757015340.2260156,0.18603,16157.0,bid,1757015339928
1757015340.2260156,0.18609,8059.0,ask,1757015339928
1757015340.8910906,0.18604,61624.0,bid,1757015340538
1757015340.8910906,0.18612,2295.0,ask,1757015340538
1757015341.2913914,0.18604,64534.0,bid,1757015340700
1757015341.2913914,0.18621,13804.0,ask,1757015340700
1757015341.5226388,0.18614,244524.0,bid,1757015340850
1757015341.5226388,0.18622,4566.0,ask,1757015340850
1757015341.6356783,0.18614,244524.0,bid,1757015340997
1757015341.6356783,0.18618,4298.0,ask,1757015340997
1757015341.711072,0.18611,16217.0,bid,1757015341200
1757015341.711072,0.18617,12011.0,ask,1757015341200
1757015341.807566,0.18604,8355.0,bid,1757015341365
1757015341.807566,0.18613,6417.0,ask,1757015341365
1757015342.0499573,0.18604,8355.0,bid,1757015341601
1757015342.0499573,0.18611,34925.0,ask,1757015341601
1757015342.0499573,0.18604,8355.0,bid,1757015341687
1757015342.0499573,0.18609,8010.0,ask,1757015341687
1757015342.112227,0.18584,22542.0,bid,1757015341767
1757015342.112227,0.18608,82066.0,ask,1757015341767
1757015342.2629654,0.18584,20927.0,bid,1757015341914
1757015342.2629654,0.18599,8034.0,ask,1757015341914
1757015342.504811,0.18584,17698.0,bid,1757015342007
1757015342.504811,0.18597,3992.0,ask,1757015342007
1757015342.880895,0.18584,17698.0,bid,1757015342564
1757015342.880895,0.18591,8067.0,ask,1757015342564
1757015343.0579107,0.18585,16217.0,bid,1757015342684
1757015343.0579107,0.18591,8067.0,ask,1757015342684
1757015343.0714574,0.18585,72549.0,bid,1757015342761
1757015343.0714574,0.18592,2474.0,ask,1757015342761
1757015343.0870383,0.18585,72549.0,bid,1757015342825
1757015343.0870383,0.18598,24543.0,ask,1757015342825
1757015343.1478465,0.18585,93469.0,bid,1757015342886
1757015343.1478465,0.18598,22551.0,ask,1757015342886
1757015343.2178068,0.18596,163098.0,bid,1757015342971
1757015343.2178068,0.18602,6162.0,ask,1757015342971
1757015343.3672116,0.18585,72908.0,bid,1757015343073
1757015343.3672116,0.18602,6162.0,ask,1757015343073
1757015343.4605138,0.18601,81529.0,bid,1757015343209
1757015343.4605138,0.18602,4370.0,ask,1757015343209
1757015343.5807292,0.18601,81529.0,bid,1757015343324
1757015343.5807292,0.18602,86436.0,ask,1757015343324
1757015343.6288586,0.18601,81529.0,bid,1757015343381
1757015343.6288586,0.18602,84233.0,ask,1757015343381
1757015343.694232,0.18601,81529.0,bid,1757015343454
1757015343.694232,0.18602,86716.0,ask,1757015343454
1757015343.7695467,0.18587,56953.0,bid,1757015343507
1757015343.7695467,0.18605,119490.0,ask,1757015343507
1757015343.8421943,0.18582,1505.0,bid,1757015343577
1757015343.8421943,0.18592,2154.0,ask,1757015343577
1757015344.0278811,0.18576,107647.0,bid,1757015343773
1757015344.0278811,0.18592,2154.0,ask,1757015343773
1757015344.0378015,0.18576,107647.0,bid,1757015343831
1757015344.0378015,0.18592,4590.0,ask,1757015343831
1757015344.1436808,0.1858,23276.0,bid,1757015343897
1757015344.1436808,0.18592,4590.0,ask,1757015343897
1757015344.2028782,0.18583,55006.0,bid,1757015343934
1757015344.2028782,0.18592,4590.0,ask,1757015343934
1757015344.510578,0.18583,38789.0,bid,1757015344283
1757015344.510578,0.18588,82066.0,ask,1757015344283
1757015344.5393593,0.1858,23276.0,bid,1757015344339
1757015344.5393593,0.18588,82066.0,ask,1757015344339
1757015344.7677047,0.1858,23276.0,bid,1757015344415
1757015344.7677047,0.18581,16166.0,ask,1757015344415
1757015344.773705,0.18572,17616.0,bid,1757015344484
1757015344.773705,0.18581,16166.0,ask,1757015344484
1757015344.83873,0.18567,1518.0,bid,1757015344605
1757015344.83873,0.18581,16166.0,ask,1757015344605
1757015345.0267773,0.18573,16217.0,bid,1757015344683
1757015345.0267773,0.18575,16184.0,ask,1757015344683
1757015345.1192408,0.18573,16217.0,bid,1757015344808
1757015345.1192408,0.18583,19225.0,ask,1757015344808
1757015345.155496,0.18574,2731.0,bid,1757015344885
1757015345.155496,0.18583,19225.0,ask,1757015344885
1757015345.2503562,0.18582,81587.0,bid,1757015345011
1757015345.2503562,0.18587,1877.0,ask,1757015345011
1757015345.3701894,0.18586,10374.0,bid,1757015345089
1757015345.3701894,0.18587,359.0,ask,1757015345089
1757015345.5344212,0.18586,91945.0,bid,1757015345223
1757015345.5344212,0.18587,359.0,ask,1757015345223
1757015345.5621629,0.18586,84905.0,bid,1757015345288
1757015345.5621629,0.18587,359.0,ask,1757015345288
1757015345.6219482,0.18586,29899.0,bid,1757015345354
1757015345.6219482,0.18587,359.0,ask,1757015345354
1757015346.7018018,0.18576,83586.0,bid,1757015346244
1757015346.7018018,0.18587,359.0,ask,1757015346244
1757015346.8369536,0.18576,191235.0,bid,1757015346366
1757015346.8369536,0.18587,359.0,ask,1757015346366
1757015346.9757276,0.18576,189715.0,bid,1757015346567
1757015346.9757276,0.18589,5335.0,ask,1757015346567
1757015346.9884014,0.18576,165020.0,bid,1757015346604
1757015346.9884014,0.18592,4627.0,ask,1757015346604
1757015347.0594945,0.18582,16217.0,bid,1757015346629
1757015347.0594945,0.18591,5335.0,ask,1757015346629
1757015347.3525662,0.18585,1519.0,bid,1757015346849
1757015347.3525662,0.18591,5335.0,ask,1757015346849
1757015347.560132,0.18585,1519.0,bid,1757015347250
1757015347.560132,0.18589,24006.0,ask,1757015347250
1757015347.648235,0.18583,24770.0,bid,1757015347313
1757015347.648235,0.18589,24006.0,ask,1757015347313
1757015348.0054421,0.1857,200.0,bid,1757015347582
1757015348.0054421,0.18584,90852.0,ask,1757015347582
1757015348.107271,0.18571,1515.0,bid,1757015347784
1757015348.107271,0.18578,30296.0,ask,1757015347784
1757015348.1986067,0.18571,1515.0,bid,1757015347790
1757015348.1986067,0.18578,60592.0,ask,1757015347790
1757015348.5614784,0.18571,41882.0,bid,1757015348112
1757015348.5614784,0.18584,19225.0,ask,1757015348112
1757015348.651329,0.18571,41882.0,bid,1757015348323
1757015348.651329,0.18583,2476.0,ask,1757015348323
1757015348.9357505,0.18571,41882.0,bid,1757015348538
1757015348.9357505,0.18579,8073.0,ask,1757015348538
1757015348.9826748,0.18572,5418.0,bid,1757015348653
1757015348.9826748,0.18579,8073.0,ask,1757015348653
1757015349.4324853,0.18572,5338.0,bid,1757015349064
1757015349.4324853,0.18579,8073.0,ask,1757015349064
1757015349.5338612,0.18578,16217.0,bid,1757015349143
1757015349.5338612,0.18582,2129.0,ask,1757015349143
1757015349.7077324,0.18581,118794.0,bid,1757015349354
1757015349.7077324,0.18582,2129.0,ask,1757015349354
1757015349.8435307,0.18578,16217.0,bid,1757015349463
1757015349.8435307,0.18583,24560.0,ask,1757015349463
1757015349.9421706,0.18574,5321.0,bid,1757015349549
1757015349.9421706,0.18583,24560.0,ask,1757015349549
1757015350.1429942,0.18574,5321.0,bid,1757015349747
1757015350.1429942,0.18584,8070.0,ask,1757015349747
1757015350.2798781,0.18583,237582.0,bid,1757015349950
1757015350.2798781,0.1859,5335.0,ask,1757015349950
1757015350.3601058,0.18583,237582.0,bid,1757015350070
1757015350.3601058,0.1859,4584.0,ask,1757015350070
1757015350.4842951,0.18583,239097.0,bid,1757015350120
1757015350.4842951,0.18601,4182.0,ask,1757015350120
1757015350.5639288,0.18588,118752.0,bid,1757015350269
1757015350.5639288,0.18601,4182.0,ask,1757015350269
1757015350.601406,0.18589,59373.0,bid,1757015350320
1757015350.601406,0.18601,4182.0,ask,1757015350320
1757015350.6879156,0.18599,16217.0,bid,1757015350379
1757015350.6879156,0.18601,2091.0,ask,1757015350379
1757015350.8338194,0.18599,16217.0,bid,1757015350521
1757015350.8338194,0.186,9587.0,ask,1757015350521
1757015350.892038,0.18579,10008.0,bid,1757015350579
1757015350.892038,0.186,9587.0,ask,1757015350579
1757015351.0358758,0.18579,10008.0,bid,1757015350672
1757015351.0358758,0.18593,4250.0,ask,1757015350672
1757015351.0956957,0.18579,10008.0,bid,1757015350737
1757015351.0956957,0.18589,20915.0,ask,1757015350737
1757015351.485809,0.18579,10008.0,bid,1757015350874
1757015351.485809,0.18587,5247.0,ask,1757015350874
1757015351.4863331,0.18583,24006.0,bid,1757015350947
1757015351.4863331,0.18584,17919.0,ask,1757015350947
1757015351.709471,0.18575,90915.0,bid,1757015351227
1757015351.709471,0.18584,1702.0,ask,1757015351227
1757015351.7882483,0.18575,90915.0,bid,1757015351377
1757015351.7882483,0.18586,37807.0,ask,1757015351377
1757015351.8373184,0.18572,24006.0,bid,1757015351479
1757015351.8373184,0.18586,37807.0,ask,1757015351479
1757015351.910976,0.18572,24006.0,bid,1757015351582
1757015351.910976,0.18574,90915.0,ask,1757015351582
1757015352.055601,0.18573,1540.0,bid,1757015351737
1757015352.055601,0.18574,90915.0,ask,1757015351737
1757015352.170732,0.18573,20527.0,bid,1757015351879
1757015352.170732,0.18574,90915.0,ask,1757015351879
1757015352.4053643,0.18573,20527.0,bid,1757015352080
1757015352.4053643,0.18578,60592.0,ask,1757015352080
1757015352.4660604,0.18573,20527.0,bid,1757015352148
1757015352.4660604,0.18583,2446.0,ask,1757015352148
1757015352.526286,0.18573,20527.0,bid,1757015352240
1757015352.526286,0.18583,4826.0,ask,1757015352240
1757015352.620146,0.18573,20527.0,bid,1757015352328
1757015352.620146,0.18577,8074.0,ask,1757015352328
1757015352.6503046,0.18576,16217.0,bid,1757015352391
1757015352.6503046,0.18577,8074.0,ask,1757015352391
1757015355.3810356,0.18573,1540.0,bid,1757015355009
1757015355.3810356,0.18577,8074.0,ask,1757015355009
1757015355.5820546,0.18573,1540.0,bid,1757015355285
1757015355.5820546,0.18585,22043.0,ask,1757015355285
1757015355.6144514,0.18572,24006.0,bid,1757015355341
1757015355.6144514,0.18585,22043.0,ask,1757015355341
1757015355.9179714,0.18572,24006.0,bid,1757015355636
1757015355.9179714,0.18585,135430.0,ask,1757015355636
1757015356.00736,0.18572,24006.0,bid,1757015355691
1757015356.00736,0.18584,22997.0,ask,1757015355691
1757015356.00736,0.18573,1527.0,bid,1757015355741
1757015356.00736,0.18584,22997.0,ask,1757015355741
1757015356.7908902,0.18573,1527.0,bid,1757015356103
1757015356.7908902,0.18578,8073.0,ask,1757015356103
1757015356.7908902,0.18573,1527.0,bid,1757015356331
1757015356.7908902,0.18584,22997.0,ask,1757015356331
1757015357.0634108,0.18573,1527.0,bid,1757015356737
1757015357.0634108,0.18576,8074.0,ask,1757015356737
1757015357.3347197,0.18573,1527.0,bid,1757015356944
1757015357.3347197,0.18583,28549.0,ask,1757015356944
1757015357.5105906,0.18573,1527.0,bid,1757015357146
1757015357.5105906,0.18583,13452.0,ask,1757015357146
1757015358.098407,0.18573,1527.0,bid,1757015357794
1757015358.098407,0.18576,8074.0,ask,1757015357794
1757015358.2354624,0.18573,4337.0,bid,1757015357949
1757015358.2354624,0.18576,8074.0,ask,1757015357949
1757015358.592414,0.18574,43402.0,bid,1757015358053
1757015358.592414,0.18587,8993.0,ask,1757015358053
1757015358.7088244,0.18581,178194.0,bid,1757015358247
1757015358.7088244,0.18584,24006.0,ask,1757015358247
1757015358.7962952,0.18572,8074.0,bid,1757015358420
1757015358.7962952,0.18584,24006.0,ask,1757015358420
1757015358.8180377,0.18572,8074.0,bid,1757015358499
1757015358.8180377,0.18573,30312.0,ask,1757015358499
1757015359.0779195,0.18571,17628.0,bid,1757015358706
1757015359.0779195,0.18573,181871.0,ask,1757015358706
1757015359.2055902,0.1857,39765.0,bid,1757015358826
1757015359.2055902,0.18585,311217.0,ask,1757015358826
1757015359.5333831,0.1857,39765.0,bid,1757015359032
1757015359.5333831,0.18571,44485.0,ask,1757015359032
1757015359.5552714,0.1857,39765.0,bid,1757015359134
1757015359.5552714,0.18571,105118.0,ask,1757015359134
1757015359.6216974,0.1857,39765.0,bid,1757015359198
1757015359.6216974,0.18571,129124.0,ask,1757015359198
1757015359.9655154,0.1857,39765.0,bid,1757015359720
1757015359.9655154,0.18571,68491.0,ask,1757015359720
1757015361.3488889,0.1857,39765.0,bid,1757015360858
1757015361.3488889,0.18571,24006.0,ask,1757015360858
1757015362.1881986,0.1857,39765.0,bid,1757015361154
1757015362.1881986,0.18571,169543.0,ask,1757015361154
1757015362.1887112,0.1856,15671.0,bid,1757015361401
1757015362.1887112,0.18571,175960.0,ask,1757015361401
1757015362.1918783,0.1856,15671.0,bid,1757015361675
1757015362.1918783,0.18565,22581.0,ask,1757015361675
1757015362.192411,0.1856,15671.0,bid,1757015361742
1757015362.192411,0.18565,45162.0,ask,1757015361742
1757015362.6571445,0.18556,377.0,bid,1757015361984
1757015362.6571445,0.18561,99700.0,ask,1757015361984
1757015362.8089774,0.18545,4693.0,bid,1757015362106
1757015362.8089774,0.18561,99588.0,ask,1757015362106
1757015362.855734,0.18543,2840.0,bid,1757015362395
1757015362.855734,0.18555,22606.0,ask,1757015362395
1757015362.9444847,0.18543,2840.0,bid,1757015362528
1757015362.9444847,0.18555,45212.0,ask,1757015362528
1757015363.0095363,0.18534,18784.0,bid,1757015362582
1757015363.0095363,0.18546,106072.0,ask,1757015362582
1757015363.0986438,0.18526,2149.0,bid,1757015362748
1757015363.0986438,0.1854,1998.0,ask,1757015362748
1757015363.1533904,0.18526,2149.0,bid,1757015362827
1757015363.1533904,0.18537,3998.0,ask,1757015362827
1757015363.2907314,0.18526,407.0,bid,1757015362965
1757015363.2907314,0.18536,1999.0,ask,1757015362965
1757015363.3899107,0.1853,14600.0,bid,1757015363054
1757015363.3899107,0.18536,1999.0,ask,1757015363054
1757015363.5076718,0.1853,12814.0,bid,1757015363181
1757015363.5076718,0.18536,1999.0,ask,1757015363181
1757015363.612787,0.18535,40446.0,bid,1757015363274
1757015363.612787,0.18536,1999.0,ask,1757015363274
1757015363.6525726,0.1853,12708.0,bid,1757015363368
1757015363.6525726,0.18537,4536.0,ask,1757015363368
1757015363.9401689,0.18536,268991.0,bid,1757015363568
1757015363.9401689,0.18537,538.0,ask,1757015363568
1757015364.0788004,0.18536,82066.0,bid,1757015363763
1757015364.0788004,0.18537,538.0,ask,1757015363763
1757015364.4252365,0.18536,189940.0,bid,1757015364026
1757015364.4252365,0.18537,538.0,ask,1757015364026
1757015364.5891926,0.18536,204974.0,bid,1757015364254
1757015364.5891926,0.18537,538.0,ask,1757015364254
1757015364.698726,0.18536,379528.0,bid,1757015364362
1757015364.698726,0.18537,538.0,ask,1757015364362
1757015364.7646046,0.18536,382891.0,bid,1757015364453
1757015364.7646046,0.18537,538.0,ask,1757015364453
1757015364.9287806,0.18536,389108.0,bid,1757015364529
1757015364.9287806,0.18558,5335.0,ask,1757015364529
1757015364.9801683,0.18542,112062.0,bid,1757015364592
1757015364.9801683,0.18558,5335.0,ask,1757015364592
1757015364.980692,0.18542,168093.0,bid,1757015364674
1757015364.980692,0.18558,5335.0,ask,1757015364674
1757015365.0732958,0.18555,16217.0,bid,1757015364821
1757015365.0732958,0.18564,5335.0,ask,1757015364821
1757015365.1369615,0.18555,16217.0,bid,1757015364873
1757015365.1369615,0.18562,8080.0,ask,1757015364873
1757015365.502081,0.1855,16000.0,bid,1757015365132
1757015365.502081,0.18562,8080.0,ask,1757015365132
1757015365.5959754,0.18551,23518.0,bid,1757015365289
1757015365.5959754,0.18562,8080.0,ask,1757015365289
1757015365.817675,0.18557,16217.0,bid,1757015365584
1757015365.817675,0.18562,8080.0,ask,1757015365584
1757015366.029705,0.18557,16217.0,bid,1757015365728
1757015366.029705,0.1857,22973.0,ask,1757015365728
1757015366.0979445,0.18567,111932.0,bid,1757015365848
1757015366.0979445,0.1857,22973.0,ask,1757015365848
1757015366.1754682,0.18567,167900.0,bid,1757015365866
1757015366.1754682,0.1857,22973.0,ask,1757015365866
1757015366.8125765,0.18567,167900.0,bid,1757015365944
1757015366.8125765,0.1857,200.0,ask,1757015365944
1757015366.8125765,0.18557,16217.0,bid,1757015366305
1757015366.8125765,0.18568,8077.0,ask,1757015366305
1757015367.0362084,0.18552,16000.0,bid,1757015366380
1757015367.0362084,0.18562,16217.0,ask,1757015366380
1757015367.0372078,0.1855,16000.0,bid,1757015366540
1757015367.0372078,0.18562,83815.0,ask,1757015366540
1757015367.1196568,0.18555,23518.0,bid,1757015366622
1757015367.1196568,0.18562,83815.0,ask,1757015366622
1757015367.1805365,0.1856,24006.0,bid,1757015366772
1757015367.1805365,0.18562,101397.0,ask,1757015366772
1757015367.365973,0.1856,24006.0,bid,1757015366971
1757015367.365973,0.18562,67598.0,ask,1757015366971
1757015367.5938225,0.1856,24006.0,bid,1757015367169
1757015367.5938225,0.18567,2212.0,ask,1757015367169
1757015367.6898184,0.1856,32061.0,bid,1757015367303
1757015367.6898184,0.18567,2212.0,ask,1757015367303
1757015367.7599657,0.18566,111940.0,bid,1757015367389
1757015367.7599657,0.18579,5335.0,ask,1757015367389
1757015367.8953395,0.18567,55970.0,bid,1757015367554
1757015367.8953395,0.18579,5335.0,ask,1757015367554
1757015367.9163024,0.18567,111940.0,bid,1757015367677
1757015367.9163024,0.18575,8074.0,ask,1757015367677
1757015368.0487943,0.18572,55955.0,bid,1757015367745
1757015368.0487943,0.18575,8074.0,ask,1757015367745
1757015368.1344566,0.18566,16217.0,bid,1757015367812
1757015368.1344566,0.18575,8074.0,ask,1757015367812
1757015368.501488,0.18561,32185.0,bid,1757015368161
1757015368.501488,0.1857,24006.0,ask,1757015368161
1757015368.5790176,0.1856,7942.0,bid,1757015368264
1757015368.5790176,0.18562,33800.0,ask,1757015368264
1757015368.6722865,0.1856,7942.0,bid,1757015368318
1757015368.6722865,0.18561,67604.0,ask,1757015368318
1757015368.7531238,0.1856,7942.0,bid,1757015368408
1757015368.7531238,0.18561,101406.0,ask,1757015368408
1757015368.943268,0.18553,5388.0,bid,1757015368603
1757015368.943268,0.18561,67607.0,ask,1757015368603
1757015369.143441,0.18553,5388.0,bid,1757015368705
1757015369.143441,0.18555,65420.0,ask,1757015368705
1757015369.1512241,0.18553,5388.0,bid,1757015368788
1757015369.1512241,0.18555,63208.0,ask,1757015368788
1757015369.2704952,0.1855,8041.0,bid,1757015368910
1757015369.2704952,0.18555,97024.0,ask,1757015368910
1757015369.4916553,0.18543,5303.0,bid,1757015369027
1757015369.4916553,0.18561,175692.0,ask,1757015369027
1757015369.5762076,0.18543,5303.0,bid,1757015369212
1757015369.5762076,0.18548,67666.0,ask,1757015369212
1757015369.8595555,0.18543,113145.0,bid,1757015369407
1757015369.8595555,0.18545,33471.0,ask,1757015369407
1757015369.8741195,0.18543,113145.0,bid,1757015369529
1757015369.8741195,0.18545,66574.0,ask,1757015369529
1757015369.9114966,0.18544,2696.0,bid,1757015369588
1757015369.9114966,0.18545,99677.0,ask,1757015369588
1757015369.989339,0.18544,2696.0,bid,1757015369589
1757015369.989339,0.18555,8083.0,ask,1757015369589
1757015370.1223304,0.18544,2696.0,bid,1757015369807
1757015370.1223304,0.18548,538.0,ask,1757015369807
1757015370.3904521,0.18545,5785.0,bid,1757015370071
1757015370.3904521,0.18548,538.0,ask,1757015370071
1757015370.714393,0.18547,16217.0,bid,1757015370419
1757015370.714393,0.18548,538.0,ask,1757015370419
1757015371.1096778,0.18545,5272.0,bid,1757015370830
1757015371.1096778,0.18548,538.0,ask,1757015370830
1757015371.8185892,0.18543,2712.0,bid,1757015370885
1757015371.8185892,0.18546,66206.0,ask,1757015370885
1757015371.8185892,0.18542,2921.0,bid,1757015370958
1757015371.8185892,0.18546,66206.0,ask,1757015370958
1757015371.8221292,0.18541,24006.0,bid,1757015371032
1757015371.8221292,0.18543,66216.0,ask,1757015371032
1757015371.8221292,0.18541,24006.0,bid,1757015371158
1757015371.8221292,0.18542,33110.0,ask,1757015371158
1757015371.8221292,0.18541,24006.0,bid,1757015371437
1757015371.8221292,0.18542,99332.0,ask,1757015371437
1757015371.9581077,0.18533,5392.0,bid,1757015371520
1757015371.9581077,0.18542,132443.0,ask,1757015371520
1757015372.056257,0.18532,16217.0,bid,1757015371725
1757015372.056257,0.18542,162280.0,ask,1757015371725
1757015372.1094732,0.18532,9833.0,bid,1757015371786
1757015372.1094732,0.18536,33125.0,ask,1757015371786
1757015372.2980373,0.18534,24006.0,bid,1757015371933
1757015372.2980373,0.18536,66250.0,ask,1757015371933
1757015372.6721294,0.18534,24006.0,bid,1757015372262
1757015372.6721294,0.18542,8088.0,ask,1757015372262
1757015372.76321,0.1853,518.0,bid,1757015372424
1757015372.76321,0.18536,538.0,ask,1757015372424
1757015372.8842185,0.1853,518.0,bid,1757015372560
1757015372.8842185,0.18531,66276.0,ask,1757015372560
1757015373.0694776,0.1853,518.0,bid,1757015372628
1757015373.0694776,0.18531,132552.0,ask,1757015372628
1757015373.2658813,0.1853,518.0,bid,1757015372976
1757015373.2658813,0.18531,33138.0,ask,1757015372976
1757015373.6007721,0.1853,518.0,bid,1757015373172
1757015373.6007721,0.18536,8629.0,ask,1757015373172
1757015373.6962633,0.1853,518.0,bid,1757015373276
1757015373.6962633,0.18541,13482.0,ask,1757015373276
1757015374.0842006,0.18531,5341.0,bid,1757015373738
1757015374.0842006,0.18541,13482.0,ask,1757015373738
1757015374.189679,0.18533,24006.0,bid,1757015373849
1757015374.189679,0.18536,538.0,ask,1757015373849
1757015374.3995135,0.18534,2611.0,bid,1757015374085
1757015374.3995135,0.18536,538.0,ask,1757015374085
1757015374.618364,0.18535,16217.0,bid,1757015374295
1757015374.618364,0.18536,538.0,ask,1757015374295
1757015375.1213973,0.18535,39735.0,bid,1757015374750
1757015375.1213973,0.18536,538.0,ask,1757015374750
1757015375.1213973,0.18535,39735.0,bid,1757015374823
1757015375.1213973,0.18543,8088.0,ask,1757015374823
1757015375.2687185,0.18541,56770.0,bid,1757015374879
1757015375.2687185,0.18543,8088.0,ask,1757015374879
1757015375.3671386,0.18541,113540.0,bid,1757015374954
1757015375.3671386,0.18543,8088.0,ask,1757015374954
1757015375.5017197,0.18541,170310.0,bid,1757015375047
1757015375.5017197,0.18543,8088.0,ask,1757015375047
1757015375.6153498,0.18535,23518.0,bid,1757015375297
1757015375.6153498,0.18543,8088.0,ask,1757015375297
1757015375.9135742,0.18536,16217.0,bid,1757015375638
1757015375.9135742,0.18543,8088.0,ask,1757015375638
1757015376.1064935,0.18537,16000.0,bid,1757015375839
1757015376.1064935,0.18543,8088.0,ask,1757015375839
1757015376.547844,0.18538,82066.0,bid,1757015375972
1757015376.547844,0.18551,22773.0,ask,1757015375972
1757015376.8282275,0.18548,56750.0,bid,1757015376107
1757015376.8282275,0.18556,107775.0,ask,1757015376107
1757015376.8592794,0.18545,16217.0,bid,1757015376372
1757015376.8592794,0.18553,2304.0,ask,1757015376372
1757015376.9254804,0.18545,16217.0,bid,1757015376431
1757015376.9254804,0.18551,8084.0,ask,1757015376431
1757015377.053966,0.18538,82066.0,bid,1757015376675
1757015377.053966,0.1855,40446.0,ask,1757015376675
1757015377.1463225,0.1854,26691.0,bid,1757015376799
1757015377.1463225,0.1855,40446.0,ask,1757015376799
1757015377.2830923,0.1854,21220.0,bid,1757015376961
1757015377.2830923,0.1855,40446.0,ask,1757015376961
1757015377.4913034,0.1854,21220.0,bid,1757015377274
1757015377.4913034,0.18548,8086.0,ask,1757015377274
1757015377.8945477,0.1854,21220.0,bid,1757015377570
1757015377.8945477,0.1855,40446.0,ask,1757015377570
1757015377.9434001,0.1854,21220.0,bid,1757015377670
1757015377.9434001,0.18552,13474.0,ask,1757015377670
1757015378.0028687,0.18544,16217.0,bid,1757015377730
1757015378.0028687,0.18552,13474.0,ask,1757015377730
1757015378.4472473,0.18544,16217.0,bid,1757015378109
1757015378.4472473,0.18549,26324.0,ask,1757015378109
1757015378.516932,0.18544,16217.0,bid,1757015378184
1757015378.516932,0.18548,8086.0,ask,1757015378184
1757015378.877337,0.18544,3094.0,bid,1757015378532
1757015378.877337,0.18552,13474.0,ask,1757015378532
1757015379.0216684,0.18551,226984.0,bid,1757015378602
1757015379.0216684,0.18557,24769.0,ask,1757015378602
1757015379.2420266,0.18553,56739.0,bid,1757015378804
1757015379.2420266,0.18557,24769.0,ask,1757015378804
1757015379.403487,0.18553,56659.0,bid,1757015379064
1757015379.403487,0.18557,24769.0,ask,1757015379064
1757015379.505144,0.18553,56659.0,bid,1757015379215
1757015379.505144,0.18555,24006.0,ask,1757015379215
1757015379.5846164,0.18545,5909.0,bid,1757015379331
1757015379.5846164,0.18555,24006.0,ask,1757015379331
1757015379.7317228,0.18545,5909.0,bid,1757015379362
1757015379.7317228,0.18546,30220.0,ask,1757015379362
1757015379.7684813,0.18544,2996.0,bid,1757015379416
1757015379.7684813,0.18546,30220.0,ask,1757015379416
1757015379.878486,0.1854,21220.0,bid,1757015379553
1757015379.878486,0.18546,30220.0,ask,1757015379553
1757015380.1995118,0.1854,21220.0,bid,1757015379818
1757015380.1995118,0.18541,66253.0,ask,1757015379818
1757015380.2563925,0.1854,21220.0,bid,1757015379957
1757015380.2563925,0.18541,165152.0,ask,1757015379957
1757015380.4386008,0.1854,21220.0,bid,1757015380072
1757015380.4386008,0.18541,164401.0,ask,1757015380072
1757015380.4473426,0.1854,21220.0,bid,1757015380159
1757015380.4473426,0.18541,131754.0,ask,1757015380159
1757015380.5462031,0.1854,21220.0,bid,1757015380273
1757015380.5462031,0.18541,65502.0,ask,1757015380273
1757015380.8366275,0.1854,21220.0,bid,1757015380535
1757015380.8366275,0.18547,8086.0,ask,1757015380535
1757015381.1885004,0.1854,21220.0,bid,1757015380864
1757015381.1885004,0.18553,17768.0,ask,1757015380864
1757015382.0478246,0.18541,15326.0,bid,1757015381367
1757015382.0478246,0.18545,8087.0,ask,1757015381367
1757015382.0478246,0.18544,16217.0,bid,1757015381574
1757015382.0478246,0.18554,13595.0,ask,1757015381574
1757015382.1631572,0.18553,171984.0,bid,1757015381706
1757015382.1631572,0.18556,130553.0,ask,1757015381706
1757015382.2127337,0.18555,57322.0,bid,1757015381904
1757015382.2127337,0.18556,130553.0,ask,1757015381904
1757015382.501902,0.18555,126109.0,bid,1757015382059
1757015382.501902,0.18556,130553.0,ask,1757015382059
1757015382.6887815,0.18555,126109.0,bid,1757015382365
1757015382.6887815,0.18556,23132.0,ask,1757015382365
1757015382.9089594,0.18544,21951.0,bid,1757015382646
1757015382.9089594,0.18556,23132.0,ask,1757015382646
1757015383.1831908,0.18544,5734.0,bid,1757015382848
1757015383.1831908,0.18556,23132.0,ask,1757015382848
1757015383.3852692,0.18544,5734.0,bid,1757015383108
1757015383.3852692,0.18556,130901.0,ask,1757015383108
1757015383.7009828,0.18545,6027.0,bid,1757015383447
1757015383.7009828,0.18556,130901.0,ask,1757015383447
1757015384.0528133,0.18545,6027.0,bid,1757015383770
1757015384.0528133,0.18553,8084.0,ask,1757015383770
1757015386.0864282,0.18546,16217.0,bid,1757015385815
1757015386.0864282,0.18553,8084.0,ask,1757015385815
1757015386.1364605,0.18551,82066.0,bid,1757015385870
1757015386.1364605,0.18553,8084.0,ask,1757015385870
1757015386.2944114,0.18551,82066.0,bid,1757015386003
1757015386.2944114,0.18571,107692.0,ask,1757015386003
1757015386.7017472,0.18558,57316.0,bid,1757015386066
1757015386.7017472,0.18571,107692.0,ask,1757015386066
1757015386.995058,0.18558,188169.0,bid,1757015386249
1757015386.995058,0.18569,19006.0,ask,1757015386249
1757015387.0031989,0.18558,16217.0,bid,1757015386566
1757015387.0031989,0.18569,19006.0,ask,1757015386566
1757015387.0847275,0.18558,16217.0,bid,1757015386673
1757015387.0847275,0.18568,40407.0,ask,1757015386673
1757015387.2141356,0.18558,16217.0,bid,1757015386933
1757015387.2141356,0.18567,8078.0,ask,1757015386933
1757015387.4844716,0.18559,15642.0,bid,1757015387076
1757015387.4844716,0.18568,40407.0,ask,1757015387076
1757015387.5654955,0.18559,16001.0,bid,1757015387229
1757015387.5654955,0.18568,40407.0,ask,1757015387229
1757015387.658827,0.18559,21468.0,bid,1757015387311
1757015387.658827,0.18566,22954.0,ask,1757015387311
1757015387.843937,0.18559,359.0,bid,1757015387491
1757015387.843937,0.18566,22954.0,ask,1757015387491
1757015388.1117058,0.1856,56953.0,bid,1757015387739
1757015388.1117058,0.18566,31032.0,ask,1757015387739
1757015388.7066305,0.1856,56953.0,bid,1757015388419
1757015388.7066305,0.18566,31571.0,ask,1757015388419
1757015389.3796334,0.18564,16217.0,bid,1757015389087
1757015389.3796334,0.18566,31571.0,ask,1757015389087
1757015389.7046413,0.18563,82066.0,bid,1757015389322
1757015389.7046413,0.18566,26571.0,ask,1757015389322
1757015389.7852714,0.18561,16000.0,bid,1757015389446
1757015389.7852714,0.18566,26571.0,ask,1757015389446
1757015389.8395183,0.1856,56953.0,bid,1757015389531
1757015389.8395183,0.18566,26571.0,ask,1757015389531
1757015390.1991467,0.1856,74595.0,bid,1757015389912
1757015390.1991467,0.18566,26571.0,ask,1757015389912
1757015390.6491542,0.18561,13082.0,bid,1757015390339
1757015390.6491542,0.18566,26571.0,ask,1757015390339
1757015391.2043386,0.1856,74595.0,bid,1757015390859
1757015391.2043386,0.18566,8617.0,ask,1757015390859
1757015391.8181763,0.1856,74595.0,bid,1757015391090
1757015391.8181763,0.18566,7660.0,ask,1757015391090
1757015392.500022,0.18562,1519.0,bid,1757015392046
1757015392.500022,0.18566,7549.0,ask,1757015392046
1757015392.536294,0.18562,1519.0,bid,1757015392201
1757015392.536294,0.18566,5280.0,ask,1757015392201
1757015392.9498327,0.18565,82066.0,bid,1757015392637
1757015392.9498327,0.18566,5280.0,ask,1757015392637
1757015393.071572,0.18565,98283.0,bid,1757015392782
1757015393.071572,0.18566,539.0,ask,1757015392782
1757015393.2410321,0.18565,205979.0,bid,1757015392972
1757015393.2410321,0.18566,539.0,ask,1757015392972
1757015393.5067267,0.18565,207498.0,bid,1757015393171
1757015393.5067267,0.18566,539.0,ask,1757015393171
1757015393.6610334,0.18565,229581.0,bid,1757015393371
1757015393.6610334,0.18566,539.0,ask,1757015393371
1757015393.7837682,0.18565,229581.0,bid,1757015393535
1757015393.7837682,0.18579,8072.0,ask,1757015393535
1757015393.890021,0.18571,57289.0,bid,1757015393591
1757015393.890021,0.18579,8072.0,ask,1757015393591
1757015393.9769878,0.18571,114578.0,bid,1757015393649
1757015393.9769878,0.18579,8072.0,ask,1757015393649
1757015393.9828076,0.18571,171867.0,bid,1757015393720
1757015393.9828076,0.18579,8072.0,ask,1757015393720
1757015394.1461196,0.18566,5280.0,bid,1757015393856
1757015394.1461196,0.18578,30017.0,ask,1757015393856
1757015394.2940142,0.18573,24006.0,bid,1757015393973
1757015394.2940142,0.18578,30017.0,ask,1757015393973
1757015394.3889394,0.18575,16217.0,bid,1757015394052
1757015394.3889394,0.18578,30017.0,ask,1757015394052
1757015394.948447,0.18573,1517.0,bid,1757015394663
1757015394.948447,0.18577,16576.0,ask,1757015394663
1757015395.0627174,0.18573,1517.0,bid,1757015394733
1757015395.0627174,0.18577,124229.0,ask,1757015394733
1757015395.0953941,0.18564,7498.0,bid,1757015394798
1757015395.0953941,0.18576,30423.0,ask,1757015394798
1757015395.1716003,0.18564,7498.0,bid,1757015394865
1757015395.1716003,0.1857,64900.0,ask,1757015394865
1757015395.1716003,0.18564,7498.0,bid,1757015394922
1757015395.1716003,0.1857,97350.0,ask,1757015394922
1757015395.278659,0.18554,5326.0,bid,1757015394997
1757015395.278659,0.18568,32455.0,ask,1757015394997
1757015395.376623,0.18554,5326.0,bid,1757015395068
1757015395.376623,0.18566,2000.0,ask,1757015395068
1757015395.4150307,0.18554,5326.0,bid,1757015395147
1757015395.4150307,0.18566,3000.0,ask,1757015395147
1757015395.507312,0.18554,5326.0,bid,1757015395199
1757015395.507312,0.18559,97431.0,ask,1757015395199
1757015395.5874481,0.18557,2703.0,bid,1757015395278
1757015395.5874481,0.18559,97431.0,ask,1757015395278
1757015395.6948774,0.18557,2703.0,bid,1757015395401
1757015395.6948774,0.18565,23174.0,ask,1757015395401
1757015396.0552645,0.18555,17735.0,bid,1757015395748
1757015396.0552645,0.18565,23174.0,ask,1757015395748
1757015396.1912708,0.18555,17735.0,bid,1757015395886
1757015396.1912708,0.18565,31253.0,ask,1757015395886
1757015396.2237914,0.18555,17735.0,bid,1757015395938
1757015396.2237914,0.18556,32487.0,ask,1757015395938
1757015396.3529074,0.18552,66137.0,bid,1757015396025
1757015396.3529074,0.18556,64974.0,ask,1757015396025
1757015397.0633218,0.18552,66137.0,bid,1757015396355
1757015397.0633218,0.18556,32487.0,ask,1757015396355
1757015397.1726887,0.18544,5829.0,bid,1757015396745
1757015397.1726887,0.18551,64998.0,ask,1757015396745
1757015397.1726887,0.18544,5829.0,bid,1757015396798
1757015397.1726887,0.18547,32506.0,ask,1757015396798
1757015397.3287368,0.18544,5829.0,bid,1757015396897
1757015397.3287368,0.18547,146277.0,ask,1757015396897
1757015397.5665264,0.18544,3029.0,bid,1757015396964
1757015397.5665264,0.18547,146277.0,ask,1757015396964
1757015397.5717325,0.18544,3029.0,bid,1757015397164
1757015397.5717325,0.18545,18215.0,ask,1757015397164
1757015397.7267435,0.18543,5389.0,bid,1757015397305
1757015397.7267435,0.18545,18215.0,ask,1757015397305
1757015397.8915367,0.1854,12130.0,bid,1757015397531
1757015397.8915367,0.18545,1998.0,ask,1757015397531
1757015397.9813201,0.1854,12130.0,bid,1757015397669
1757015397.9813201,0.18541,130088.0,ask,1757015397669
1757015398.0744922,0.1854,12130.0,bid,1757015397733
1757015398.0744922,0.18541,162610.0,ask,1757015397733
1757015398.1578104,0.1854,12130.0,bid,1757015397795
1757015398.1578104,0.18541,227654.0,ask,1757015397795
1757015398.2105808,0.1854,12130.0,bid,1757015397893
1757015398.2105808,0.18541,32522.0,ask,1757015397893
1757015398.5097718,0.1854,9329.0,bid,1757015398118
1757015398.5097718,0.18541,32522.0,ask,1757015398118
1757015398.7347176,0.1854,5627.0,bid,1757015398373
1757015398.7347176,0.18556,110782.0,ask,1757015398373
1757015398.8155758,0.18546,114700.0,bid,1757015398481
1757015398.8155758,0.18556,110782.0,ask,1757015398481
1757015398.9176824,0.18546,172050.0,bid,1757015398573
1757015398.9176824,0.18556,108782.0,ask,1757015398573
1757015399.091189,0.18546,172050.0,bid,1757015398686
1757015399.091189,0.18556,107782.0,ask,1757015398686
1757015399.177042,0.18546,187166.0,bid,1757015398775
1757015399.177042,0.18556,107782.0,ask,1757015398775
1757015399.2557955,0.18546,16217.0,bid,1757015398888
1757015399.2557955,0.18555,8083.0,ask,1757015398888
1757015399.701469,0.18547,1517.0,bid,1757015399360
1757015399.701469,0.18555,8083.0,ask,1757015399360
1757015400.443825,0.18547,4221.0,bid,1757015400057
1757015400.443825,0.18555,8083.0,ask,1757015400057
1757015401.0384378,0.18554,16217.0,bid,1757015400568
1757015401.0384378,0.18555,8083.0,ask,1757015400568
1757015401.198837,0.18554,16217.0,bid,1757015400708
1757015401.198837,0.18566,1995.0,ask,1757015400708
1757015401.3191237,0.1856,171384.0,bid,1757015400810
1757015401.3191237,0.18563,107733.0,ask,1757015400810
1757015401.6523745,0.1856,171384.0,bid,1757015400963
1757015401.6523745,0.18565,107722.0,ask,1757015400963
1757015403.3154688,0.18555,5896.0,bid,1757015401422
1757015403.3154688,0.18562,8080.0,ask,1757015401422
1757015403.5267503,0.18555,7409.0,bid,1757015402229
1757015403.5267503,0.18562,8080.0,ask,1757015402229
1757015403.5774336,0.18555,7409.0,bid,1757015402734
1757015403.5774336,0.18561,16217.0,ask,1757015402734
1757015404.11836,0.18558,16217.0,bid,1757015403034
1757015404.11836,0.18559,32663.0,ask,1757015403034
1757015404.120878,0.18558,16217.0,bid,1757015403237
1757015404.120878,0.18563,2070.0,ask,1757015403237
1757015404.1215599,0.18556,82066.0,bid,1757015403506
1757015404.1215599,0.18561,107740.0,ask,1757015403506
1757015404.393836,0.1855,62488.0,bid,1757015404009
1757015404.393836,0.1856,14000.0,ask,1757015404009
1757015404.8095715,0.18552,1508.0,bid,1757015404072
1757015404.8095715,0.18553,98031.0,ask,1757015404072
1757015404.8095715,0.18552,1508.0,bid,1757015404221
1757015404.8095715,0.18553,196062.0,ask,1757015404221
1757015405.0392249,0.18554,2914.0,bid,1757015404559
1757015405.0392249,0.18564,107743.0,ask,1757015404559
1757015405.0828536,0.18554,2914.0,bid,1757015404638
1757015405.0828536,0.1856,40429.0,ask,1757015404638
1757015405.0956926,0.18554,2914.0,bid,1757015404645
1757015405.0956926,0.18561,16000.0,ask,1757015404645
1757015405.3641913,0.1856,114260.0,bid,1757015404770
1757015405.3641913,0.18564,107743.0,ask,1757015404770
1757015405.4634812,0.18563,114242.0,bid,1757015404961
1757015405.4634812,0.18564,107743.0,ask,1757015404961
1757015405.7136104,0.18555,5784.0,bid,1757015405171
1757015405.7136104,0.18567,1506.0,ask,1757015405171
1757015405.730956,0.18555,5784.0,bid,1757015405305
1757015405.730956,0.18564,8079.0,ask,1757015405305
1757015405.9252405,0.18555,5784.0,bid,1757015405547
1757015405.9252405,0.18564,115807.0,ask,1757015405547
1757015406.0038302,0.18556,16217.0,bid,1757015405589
1757015406.0038302,0.18564,115807.0,ask,1757015405589
1757015406.0239062,0.18556,16217.0,bid,1757015405672
1757015406.0239062,0.18566,21704.0,ask,1757015405672
1757015406.1820574,0.18556,16217.0,bid,1757015405833
1757015406.1820574,0.18566,22063.0,ask,1757015405833
1757015406.285675,0.18556,16217.0,bid,1757015405903
1757015406.285675,0.18563,40430.0,ask,1757015405903
1757015406.3891542,0.18555,5784.0,bid,1757015405981
1757015406.3891542,0.18563,40430.0,ask,1757015405981
1757015406.5937567,0.18555,5784.0,bid,1757015406073
1757015406.5937567,0.18563,42613.0,ask,1757015406073
1757015406.6834679,0.1855,56953.0,bid,1757015406181
1757015406.6834679,0.18556,32671.0,ask,1757015406181
