timestamp,price,size,side,trade_id,exchange_timestamp
1757015216.673878,109741.0,0.91116,buy,833120162794147,1757015209306
1757015216.673878,109742.0,0.00011,buy,10862554098870,1757015209306
1757015216.673878,109742.0,0.00217,buy,705237139228730,1757015209306
1757015216.673878,109742.0,0.13666,buy,410137364090298,1757015209306
1757015216.673878,109742.0,1.29469,buy,435088731921506,1757015209306
1757015216.673878,109742.0,0.21711,sell,664131233961277,1757015209584
1757015216.673878,109743.0,0.00011,buy,204913091935904,1757015209933
1757015216.673878,109743.0,0.00079,buy,86181336055586,1757015209933
1757015216.673878,109743.0,0.00244,buy,798449723358207,1757015210791
1757015216.673878,109742.0,0.01025,sell,143705823665938,1757015211092
1757015216.673878,109743.0,0.00011,buy,878089642253740,1757015211577
1757015216.673878,109743.0,1e-05,buy,932625847039653,1757015211577
1757015216.673878,109743.0,0.00111,buy,1031824513763935,1757015211789
1757015216.673878,109743.0,0.0009,buy,840667158620318,1757015212359
1757015216.673878,109742.0,0.02264,sell,709632058076932,1757015212578
1757015216.673878,109742.0,0.03228,sell,585768265219361,1757015212578
1757015216.673878,109743.0,0.1991,buy,571455085808149,1757015213030
1757015216.673878,109750.0,0.00011,buy,107053804281360,1757015214117
1757015216.673878,109751.0,0.00011,buy,434272234724025,1757015214117
1757015216.673878,109754.0,0.00011,buy,645727896860074,1757015214117
1757015216.673878,109755.0,0.00011,buy,861263899286019,1757015214117
1757015216.673878,109756.0,0.00011,buy,284811048928612,1757015214117
1757015216.673878,109756.0,0.00137,buy,211014583978016,1757015214117
1757015216.673878,109756.0,0.00408,buy,893052103214029,1757015214117
1757015216.673878,109755.0,0.04939,sell,363401085519117,1757015214314
1757015216.673878,109756.0,0.00244,buy,1061471376123479,1757015214314
1757015216.673878,109756.0,0.00011,buy,719207979289918,1757015215047
1757015216.673878,109755.0,0.00075,sell,28044329413901,1757015215414
1757015216.673878,109755.0,0.00074,sell,54707421119132,1757015215713
1757015216.673878,109756.0,0.0009,buy,764263920742816,1757015216192
1757015218.4739516,109755.0,0.00376,sell,1047604523876758,1757015218073
1757015219.5125387,109756.0,0.00909,buy,1022701873708570,1757015219086
1757015219.536661,109755.0,0.00074,sell,967642851940108,1757015219197
1757015220.294303,109756.0,0.00011,buy,542931923897281,1757015219658
1757015220.294303,109756.0,0.00079,buy,199266561731328,1757015219658
1757015220.294303,109756.0,0.00244,buy,98278338461553,1757015219736
1757015220.7130532,109756.0,0.19677,buy,949817128659511,1757015220266
1757015220.7130532,109756.0,0.00835,buy,941129284278711,1757015220266
1757015220.7845995,109756.0,0.04939,sell,1085438929954035,1757015220493
1757015221.1764343,109757.0,0.02267,buy,848654511819180,1757015220780
1757015221.3521898,109759.0,0.00011,buy,979985913253464,1757015220995
1757015221.3521898,109760.0,0.00011,buy,476766206541801,1757015220995
1757015221.3521898,109760.0,0.00045,buy,597676548862466,1757015220995
1757015221.3521898,109761.0,0.00011,buy,388874239803888,1757015220995
1757015221.3521898,109762.0,0.00011,buy,82391617573510,1757015220995
1757015221.3521898,109763.0,0.00011,buy,1077096530509262,1757015220995
1757015221.3521898,109764.0,0.00011,buy,1057681604005772,1757015220995
1757015221.3521898,109765.0,0.00011,buy,241560775154064,1757015220995
1757015221.3521898,109766.0,0.00011,buy,412032437660385,1757015220995
1757015221.3521898,109767.0,0.00011,buy,492378406516010,1757015220995
1757015221.734146,109768.0,0.00018,buy,402869308926173,1757015221162
1757015221.7543154,109769.0,0.00011,buy,1042664099958259,1757015221220
1757015222.487147,109773.0,0.00038,sell,917197189242239,1757015222034
1757015222.487147,109774.0,0.00476,buy,567497011036527,1757015222034
1757015224.387097,109774.0,0.00035,buy,858616841993956,1757015224030
1757015225.6763365,109773.0,0.00019,sell,693263086181262,1757015225078
1757015225.7682996,109774.0,0.00244,buy,947976127311148,1757015225266
1757015225.7850718,109773.0,0.00074,sell,584179434830981,1757015225408
1757015226.8915021,109773.0,0.04938,sell,860153491377401,1757015226536
1757015226.8915021,109773.0,0.31479,sell,852096644484207,1757015226536
1757015227.4803355,109774.0,0.0001,buy,306348431412693,1757015227037
1757015227.703741,109774.0,1e-05,buy,935010160343179,1757015227366
1757015227.703741,109774.0,0.2,buy,1119562521805532,1757015227366
1757015227.8158517,109775.0,0.00011,buy,862643258890953,1757015227427
1757015227.8158517,109776.0,0.00011,buy,1084510472314872,1757015227427
1757015227.8158517,109777.0,0.00011,buy,764689612751060,1757015227427
1757015227.8158517,109777.0,0.02458,buy,224011713502764,1757015227427
1757015227.8158517,109778.0,0.00011,buy,132608611634151,1757015227427
1757015227.8158517,109779.0,0.00011,buy,507849292515377,1757015227427
1757015227.8158517,109780.0,0.00011,buy,897040402015863,1757015227427
1757015227.8158517,109780.0,0.0284,buy,543692996374218,1757015227427
1757015228.4162967,109780.0,0.00455,buy,173298854857715,1757015228026
1757015229.7702425,109780.0,0.00244,buy,371147394945008,1757015229431
1757015230.2939541,109779.0,0.00074,sell,187734725098320,1757015229578
1757015230.8261416,109779.0,0.00043,sell,278819878935978,1757015230459
1757015230.8565872,109779.0,0.0304,sell,479388367547270,1757015230576
1757015231.4554255,109779.0,0.00012,sell,493458780568511,1757015231067
1757015232.3538744,109780.0,0.00011,buy,950952565638713,1757015232000
1757015232.3538744,109780.0,1e-05,buy,274395689237111,1757015232000
1757015232.8118958,109779.0,0.04939,sell,627321984053667,1757015232496
1757015233.3872766,109779.0,0.08469,sell,894073665036243,1757015233007
1757015233.3872766,109779.0,0.26051,sell,976880907601044,1757015233007
1757015234.5371752,109780.0,0.00756,buy,727693356160663,1757015234244
1757015235.5284953,109780.0,0.00476,buy,1056780935385800,1757015235039
1757015236.3952918,109780.0,0.0001,buy,5729257082641,1757015236052
1757015237.0715556,109779.0,0.00074,sell,819563603419152,1757015236781
1757015237.2957652,109780.0,0.00957,buy,428300169790791,1757015237019
1757015239.1248872,109779.0,0.04939,sell,937873297576394,1757015238839
1757015239.4259596,109780.0,0.00455,buy,431485242018504,1757015239022
1757015240.4533885,109780.0,0.17345,buy,1086806873028415,1757015239600
1757015240.4533885,109780.0,0.0001,buy,1016143329027032,1757015239600
1757015240.4533885,109780.0,0.00012,buy,508416682974837,1757015239600
1757015240.4533885,109780.0,0.00836,buy,529460073141983,1757015239600
1757015240.4533885,109781.0,0.00011,buy,560900302525824,1757015239600
1757015240.960132,109787.0,0.00074,sell,1021723087195632,1757015240524
1757015241.4842093,109787.0,0.01024,sell,228388476290020,1757015241081
1757015242.08167,109788.0,0.0067,buy,782247752598703,1757015241704
1757015242.08167,109788.0,0.00011,buy,269865674796656,1757015241704
1757015242.08167,109789.0,0.00011,buy,368551980693567,1757015241704
1757015242.08167,109790.0,0.00011,buy,50783928673361,1757015241704
1757015242.08167,109791.0,0.00011,buy,77168959957215,1757015241704
1757015242.08167,109792.0,0.00011,buy,365256825836410,1757015241704
1757015242.08167,109793.0,0.00011,buy,417588690329207,1757015241704
1757015242.08167,109793.0,0.00479,buy,32508490800437,1757015241704
1757015242.5844085,109787.0,0.001,sell,629147675866296,1757015242264
1757015245.208637,109788.0,0.04554,buy,384170468887235,1757015244675
1757015245.492351,109787.0,0.00319,sell,689018212660227,1757015244870
1757015245.492351,109787.0,0.04939,sell,1075087722191225,1757015244870
1757015245.611766,109788.0,0.00012,buy,19917822470054,1757015245080
1757015245.7243354,109787.0,0.00074,sell,270040932909780,1757015245283
1757015247.1440506,109788.0,0.15434,buy,796478727552599,1757015246679
1757015247.1440506,109794.0,0.00011,buy,240174880457668,1757015246679
1757015247.1440506,109795.0,0.00011,buy,322122380188249,1757015246679
1757015247.5861032,109796.0,0.00011,buy,248889434102643,1757015247037
1757015247.5861032,109797.0,0.00011,buy,189515687140876,1757015247037
1757015247.5861032,109798.0,0.00011,buy,161835251455509,1757015247037
1757015247.5861032,109799.0,0.00011,buy,707651282351191,1757015247037
1757015247.5861032,109800.0,0.00011,buy,631901723117142,1757015247037
1757015248.1297834,109801.0,0.00011,buy,418390485633946,1757015247563
1757015248.1297834,109803.0,0.00011,buy,887390366248272,1757015247563
1757015248.1297834,109804.0,0.00011,buy,781858012971281,1757015247563
1757015248.1297834,109806.0,0.00216,buy,974871600360460,1757015247563
1757015248.1297834,109806.0,0.00011,buy,31692631844456,1757015247563
1757015248.1297834,109808.0,0.00011,buy,1086276922726732,1757015247563
1757015248.1297834,109810.0,0.02184,buy,409248148907557,1757015247563
1757015248.1297834,109810.0,0.02273,buy,510226356833368,1757015247563
1757015248.1297834,109811.0,0.00346,buy,162866466469153,1757015247563
1757015248.1297834,109811.0,0.00011,buy,199068294061268,1757015247563
1757015248.1297834,109811.0,0.13658,buy,567680709774086,1757015247563
1757015248.1297834,109812.0,0.00011,buy,935597102038776,1757015247563
1757015248.1297834,109813.0,0.00011,buy,434368703115008,1757015247563
1757015248.1297834,109814.0,0.00011,buy,348275786469748,1757015247563
1757015248.1297834,109815.0,0.00943,buy,71031127514454,1757015247563
1757015248.1297834,109815.0,0.00011,buy,418932651112950,1757015247563
1757015248.1297834,109815.0,0.00341,buy,1010032021593819,1757015247563
1757015248.1297834,109816.0,0.00011,buy,202872920087145,1757015247563
1757015248.1297834,109816.0,0.00341,buy,512117710240552,1757015247563
1757015248.1297834,109816.0,0.03622,buy,1025827726700829,1757015247563
1757015248.1297834,109817.0,0.00011,buy,198270599667033,1757015247563
1757015248.1297834,109817.0,0.00341,buy,945987237360142,1757015247563
1757015248.1297834,109817.0,0.9105,buy,812067573746787,1757015247563
1757015248.1297834,109817.0,0.04553,buy,797934720255110,1757015247563
1757015248.1297834,109818.0,0.00011,buy,906749243526661,1757015247563
1757015248.1297834,109818.0,0.00018,buy,106998845896442,1757015247563
1757015248.1297834,109818.0,0.11,buy,478309444647780,1757015247563
1757015248.1297834,109819.0,0.04552,buy,728924465473470,1757015247563
1757015248.1297834,109820.0,0.00943,buy,542910699931372,1757015247563
1757015248.1297834,109820.0,0.00341,buy,962420252193336,1757015247563
1757015248.1297834,109820.0,0.54628,buy,758492117805094,1757015247563
1757015248.1297834,109821.0,0.00341,buy,1020682417790077,1757015247563
1757015248.1297834,109821.0,0.54665,buy,421492887816838,1757015247563
1757015248.4857686,109818.0,0.00304,sell,986258351672924,1757015248057
1757015248.9731188,109819.0,0.00011,buy,1095592909280512,1757015248639
1757015248.9731188,109819.0,0.13658,buy,1104364695114654,1757015248639
1757015248.9731188,109819.0,0.05303,buy,411508959710887,1757015248639
1757015248.9731188,109819.0,0.82664,buy,749217892361614,1757015248639
1757015248.9731188,109819.0,0.68285,buy,670455900088309,1757015248639
1757015248.9731188,109819.0,2.30079,buy,714902014095732,1757015248639
1757015249.3463304,109819.0,0.00909,buy,587737373070933,1757015249014
1757015249.464673,109818.0,0.00074,sell,924236671496257,1757015249178
1757015251.4306748,109818.0,0.04939,sell,556073633952363,1757015251129
1757015252.5234485,109818.0,0.00038,sell,1107068726550564,1757015252120
1757015252.5234485,109819.0,0.00476,buy,543532102671280,1757015252120
1757015254.5515103,109819.0,0.00035,buy,69722590410243,1757015254161
1757015255.839087,109818.0,0.00017,sell,1102635487045925,1757015255036
1757015256.517171,109818.0,0.0002,sell,405671535642828,1757015256167
1757015256.517171,109818.0,0.00054,sell,423862433185948,1757015256167
1757015256.7127697,109818.0,0.00782,sell,1058884563744253,1757015256367
1757015256.7127697,109818.0,0.00011,sell,233019148398813,1757015256367
1757015256.7127697,109817.0,0.00011,sell,744255926636732,1757015256367
1757015256.7127697,109816.0,0.00011,sell,377465497769862,1757015256367
1757015256.7127697,109815.0,0.00011,sell,490080726558711,1757015256367
1757015256.7127697,109814.0,0.00011,sell,879597561602745,1757015256367
1757015256.7127697,109813.0,0.00011,sell,1029704913087026,1757015256367
1757015256.7127697,109812.0,0.00011,sell,241075797692840,1757015256367
1757015256.7127697,109811.0,0.00011,sell,970062460519151,1757015256367
1757015256.7127697,109810.0,0.00217,sell,870871867952258,1757015256367
1757015256.7127697,109810.0,0.00011,sell,247687293122710,1757015256367
1757015256.7127697,109809.0,0.00011,sell,90969335178727,1757015256367
1757015256.7127697,109808.0,0.00011,sell,95078153893042,1757015256367
1757015256.7127697,109807.0,0.00011,sell,219620999651761,1757015256367
1757015256.7127697,109806.0,0.00011,sell,1020669824531328,1757015256367
1757015256.7127697,109805.0,0.00011,sell,372586849912173,1757015256367
1757015256.7127697,109804.0,0.00011,sell,1053570388048481,1757015256367
1757015256.7127697,109804.0,0.00477,sell,439499402095046,1757015256367
1757015257.5301657,109801.0,0.0001,buy,807274986894841,1757015257065
1757015257.5571504,109799.0,0.00011,sell,490919299012365,1757015257140
1757015257.5571504,109797.0,0.04928,sell,297911246515313,1757015257140
1757015258.0781133,109797.0,0.03281,sell,585508252755322,1757015257700
1757015258.3881834,109798.0,0.00454,buy,173656197071689,1757015258030
1757015259.2830675,109798.0,0.0046,buy,957306807801531,1757015258901
1757015259.3363104,109798.0,0.02,buy,223166013249700,1757015259025
1757015259.6740673,109798.0,0.00358,buy,567849845066892,1757015259315
1757015259.6740673,109798.0,0.17854,buy,226885306668354,1757015259315
1757015260.7987316,109797.0,1e-05,sell,830889364327957,1757015260377
1757015261.5284925,109797.0,0.00012,sell,1110038667814721,1757015261043
1757015262.5349452,109798.0,0.00011,buy,324942622228126,1757015262138
1757015263.3961687,109797.0,0.00011,sell,511638626750385,1757015263058
1757015263.3961687,109797.0,0.04927,sell,174020308323239,1757015263058
1757015264.27571,109797.0,0.00074,sell,524069991293831,1757015263948
1757015268.0117674,109797.0,0.00675,sell,1024709168868331,1757015264875
1757015268.2837763,109798.0,0.00476,buy,145039334948761,1757015265054
1757015268.5251226,109798.0,0.0001,buy,1056941480557117,1757015266037
1757015268.7666488,109798.0,0.00957,buy,758895587935664,1757015267065
1757015269.3422117,109797.0,0.00011,sell,999081534582177,1757015268976
1757015269.4214509,109798.0,0.00454,buy,674138667760448,1757015269029
1757015270.071255,109797.0,0.04939,sell,237695316922477,1757015269544
1757015270.8933396,109797.0,0.25221,sell,817105458422245,1757015270556
1757015270.8933396,109797.0,0.09308,sell,176847610013746,1757015270556
1757015270.8933396,109797.0,0.15471,sell,259232372674071,1757015270556
1757015271.1559782,109798.0,0.00252,buy,1012401344540938,1757015270689
1757015271.2111223,109798.0,0.00272,buy,955675417298283,1757015270884
1757015271.4362142,109797.0,0.01024,sell,627081942372318,1757015271043
1757015271.5269837,109798.0,0.19476,buy,368726785501464,1757015271115
1757015271.5269837,109798.0,0.00011,buy,648186728406817,1757015271115
1757015271.5269837,109798.0,0.00836,buy,799674167107422,1757015271115
1757015274.7807086,109811.0,0.00217,buy,199270258687389,1757015274501
1757015274.7807086,109811.0,0.001,buy,86652800104658,1757015274501
1757015275.20747,109811.0,0.00328,buy,459345155711262,1757015274937
1757015275.670479,109811.0,0.00011,buy,770052096768734,1757015275044
1757015275.9995706,109810.0,0.04939,sell,952401503892189,1757015275456
1757015277.5287228,109810.0,0.0048,sell,909363589170864,1757015277111
1757015278.4117298,109810.0,0.00395,sell,1078079215079327,1757015278026
1757015279.4341002,109811.0,0.00909,buy,951246808984512,1757015279036
1757015281.8329153,109810.0,0.04938,sell,665405161498548,1757015281450
1757015282.5327084,109810.0,0.00039,sell,255746825277719,1757015282080
1757015282.5327084,109811.0,0.00476,buy,358544796421499,1757015282080
1757015284.3711934,109811.0,0.00034,buy,904663443116955,1757015284000
1757015284.5634744,109811.0,0.00421,buy,736794564311325,1757015284217
1757015285.335644,109810.0,0.00014,sell,18569233732041,1757015285019
1757015287.165308,109811.0,0.17721,buy,385590360273806,1757015286739
1757015287.5207226,109816.0,0.0001,buy,713130704120494,1757015287028
1757015287.7187853,109816.0,1e-05,buy,488215719778821,1757015287142
1757015287.7187853,109817.0,0.00011,buy,378845149667134,1757015287142
1757015287.7187853,109818.0,0.00011,buy,645326857731121,1757015287142
1757015287.7187853,109819.0,0.00011,buy,457579389793628,1757015287142
1757015287.7187853,109820.0,0.00011,buy,136332963110790,1757015287142
1757015287.7187853,109821.0,0.00011,buy,1047272662462314,1757015287142
1757015287.7187853,109822.0,0.00011,buy,174448955566385,1757015287142
1757015287.7187853,109823.0,0.00011,buy,599566667187322,1757015287142
1757015287.7187853,109824.0,0.00011,buy,925458391097247,1757015287142
1757015288.1451213,109825.0,0.04939,sell,588046178888330,1757015287754
1757015288.5455248,109827.0,0.00011,buy,383664198509896,1757015288030
1757015288.5455248,109828.0,0.00011,buy,814123505467767,1757015288030
1757015288.5455248,109829.0,0.00011,buy,238226824873470,1757015288030
1757015288.5455248,109831.0,0.00011,buy,963233367616495,1757015288030
1757015288.5455248,109831.0,0.00411,buy,371424438487572,1757015288030
1757015288.7010906,109830.0,0.04043,sell,899482730890005,1757015288256
1757015291.6774566,109831.0,0.00011,buy,43821279033909,1757015290905
1757015291.6774566,109831.0,0.2,buy,398005894836620,1757015290905
1757015291.6779807,109831.0,0.00012,sell,166040601359939,1757015291071
1757015291.6779807,109832.0,0.1,buy,741898515146163,1757015291071
1757015291.6779807,109832.0,0.00011,buy,214438229954724,1757015291071
1757015292.498639,109841.0,0.00012,buy,679609481781645,1757015292009
1757015293.5490463,109841.0,0.00011,buy,648328150388954,1757015293166
1757015293.5490463,109841.0,8e-05,buy,508222677825130,1757015293166
1757015293.5490463,109841.0,0.00118,buy,138623518742981,1757015293166
1757015294.0780268,109841.0,0.19874,buy,855731319748477,1757015293721
1757015294.223194,109841.0,0.04939,sell,232440277305645,1757015293799
1757015295.4790468,109842.0,0.00476,buy,632909784712953,1757015295163
1757015295.903092,109842.0,0.00111,buy,937549607232984,1757015295256
1757015296.258557,109842.0,0.00012,buy,1041143398188402,1757015295314
1757015297.5463862,109842.0,0.00957,buy,638607789690398,1757015297034
1757015298.5617344,109842.0,0.07366,buy,946298190225927,1757015298183
1757015299.4357486,109836.0,0.00455,buy,552891867599718,1757015299060
1757015300.502445,109833.0,0.00217,sell,231922632541495,1757015300008
1757015300.502445,109831.0,0.0002,sell,521003732107130,1757015300008
1757015300.502445,109829.0,0.00011,sell,716448286027207,1757015300008
1757015300.502445,109828.0,0.00011,sell,518161753748641,1757015300008
1757015300.502445,109824.0,0.00341,sell,800280305327577,1757015300008
1757015300.502445,109823.0,0.00341,sell,68707056477718,1757015300008
1757015300.502445,109823.0,0.03998,sell,378304563723257,1757015300008
1757015301.7336574,109823.0,0.00011,sell,688688870070284,1757015301020
1757015301.7336574,109823.0,0.01014,sell,494142442096630,1757015301020
1757015301.8208668,109824.0,0.15015,buy,750599653751388,1757015301274
1757015301.8208668,109824.0,0.5,buy,1019972781640268,1757015301274
1757015301.8208668,109824.0,0.09985,buy,401935393114061,1757015301274
1757015305.3610778,109824.0,0.00011,buy,284291174589920,1757015305001
1757015306.5592015,109823.0,0.04937,sell,473836738329816,1757015306150
1757015308.5161808,109823.0,0.00293,sell,760370002837766,1757015308047
1757015309.0773537,109824.0,0.2,buy,650800494397614,1757015308664
1757015309.0773537,109824.0,0.00837,buy,650075734651798,1757015308664
1757015309.0773537,109824.0,0.00011,buy,25810030002357,1757015308664
1757015309.1547232,109825.0,0.00011,buy,619572711639204,1757015308806
1757015309.3843157,109826.0,0.00011,buy,937491177902931,1757015309012
1757015309.3843157,109827.0,0.00011,buy,691563948686687,1757015309012
1757015309.3843157,109828.0,0.00011,buy,99105098977692,1757015309012
1757015309.3843157,109829.0,0.00011,buy,1061886516121280,1757015309012
1757015309.3843157,109830.0,0.00011,buy,679219085404561,1757015309012
1757015309.3843157,109831.0,0.00011,buy,227042442378711,1757015309012
1757015309.3843157,109832.0,0.00011,buy,225294974444221,1757015309012
1757015309.3843157,109833.0,0.00011,buy,553530445091062,1757015309012
1757015309.3843157,109833.0,0.00822,buy,148175647049782,1757015309012
1757015312.46143,109832.0,0.00038,sell,1053223715284254,1757015312051
1757015312.46143,109833.0,0.00477,buy,44053483675962,1757015312051
1757015312.5411239,109832.0,0.04939,sell,1098768680851283,1757015312228
1757015312.6585765,109833.0,0.02128,buy,501182879708286,1757015312307
1757015312.6585765,109833.0,0.00011,buy,781293991202822,1757015312307
1757015312.6585765,109833.0,0.2,buy,865244269513318,1757015312307
1757015312.6585765,109834.0,0.00011,buy,145509496010659,1757015312307
1757015312.6585765,109835.0,0.00011,buy,886081401379413,1757015312307
1757015312.6585765,109836.0,0.00011,buy,681523600810288,1757015312307
1757015312.6585765,109836.0,0.07059,buy,1051534810844747,1757015312307
1757015312.6585765,109837.0,0.00011,buy,744091108332885,1757015312307
1757015312.6585765,109838.0,0.00011,buy,778414815353536,1757015312307
1757015312.6585765,109838.0,0.02234,buy,562884662129488,1757015312307
1757015312.6585765,109838.0,0.13654,buy,821089238054682,1757015312307
1757015312.6585765,109838.0,0.11499,buy,503195486406028,1757015312307
1757015312.6585765,109839.0,0.00011,buy,352005806832484,1757015312307
1757015312.6585765,109839.0,0.02364,buy,865484462972317,1757015312307
1757015312.6585765,109839.0,0.09255,buy,1046935954744114,1757015312307
1757015312.6585765,109839.0,0.00217,buy,809796534243730,1757015312307
1757015312.6585765,109840.0,0.00011,buy,283885545734621,1757015312307
1757015312.6585765,109841.0,0.00011,buy,389060602248068,1757015312307
1757015312.6585765,109841.0,0.03622,buy,339978525604353,1757015312307
1757015312.6585765,109841.0,0.04552,buy,111775972769914,1757015312307
1757015312.6585765,109841.0,0.9103,buy,499208213120638,1757015312307
1757015312.6585765,109842.0,0.00011,buy,342191408611150,1757015312307
1757015312.6585765,109842.0,0.65157,buy,252501078276033,1757015312307
1757015312.6585765,109842.0,0.04551,buy,826333255015049,1757015312307
1757015312.6585765,109843.0,0.00011,buy,124966921514473,1757015312307
1757015312.6585765,109843.0,0.54616,buy,368729206014756,1757015312307
1757015312.6585765,109843.0,1.07941,buy,182199785915538,1757015312307
1757015313.139599,109842.0,0.05462,sell,450235530668111,1757015312658
1757015314.3598943,109843.0,0.00035,buy,955037305436573,1757015314016
1757015315.4975817,109842.0,0.00018,sell,341660581174819,1757015315063
1757015317.4520068,109843.0,0.0001,buy,519314130101837,1757015317098
1757015318.3730648,109843.0,0.00455,buy,367526730240345,1757015318051
1757015318.836473,109842.0,0.04939,sell,493648979359281,1757015318389
1757015321.6393902,109842.0,0.00012,sell,1104053863437819,1757015321066
1757015322.4988952,109843.0,0.00011,buy,736669134681519,1757015322026
1757015323.833084,109843.0,0.2,buy,472245809769703,1757015323447
1757015325.1085773,109843.0,0.00012,buy,611044380291526,1757015324659
1757015325.4975488,109842.0,0.00477,buy,16477951114301,1757015325061
1757015326.6963646,109842.0,0.0001,buy,214050704460702,1757015326008
1757015327.0349426,109841.0,0.00011,sell,820220977488807,1757015326609
1757015327.0349426,109840.0,0.00011,sell,392795325034653,1757015326609
1757015327.4734795,109840.0,0.00957,buy,1014317829576639,1757015327067
1757015329.3657181,109828.0,0.00455,buy,511632886067645,1757015329013
1757015331.7275674,109823.0,0.01024,sell,845844488932187,1757015331077
1757015333.4145927,109824.0,0.00098,buy,274651415208026,1757015333119
1757015333.7819169,109824.0,0.01821,buy,758733958215964,1757015333464
1757015335.3070538,109824.0,0.00011,buy,622213756479058,1757015335038
1757015336.577203,109823.0,0.01821,sell,47300812499786,1757015335849
1757015336.7491655,109823.0,0.00777,sell,475744363523489,1757015336453
1757015336.7491655,109823.0,0.00217,sell,143853743727842,1757015336453
1757015336.7491655,109823.0,0.00011,sell,683651680101705,1757015336453
1757015336.7491655,109823.0,0.01115,sell,961818308131335,1757015336453
1757015338.46583,109822.0,0.00467,sell,495490320582552,1757015338036
1757015342.504811,109822.0,0.00038,sell,1087126687512130,1757015342007
1757015342.504811,109823.0,0.00476,buy,346911995569848,1757015342007
1757015344.3121846,109823.0,0.00035,buy,783120601741848,1757015344032
1757015345.2560709,109822.0,0.00015,sell,897062300536380,1757015345011
1757015347.0594945,109822.0,0.00015,sell,922126145928944,1757015346629
1757015347.0594945,109822.0,0.007,sell,161174532134146,1757015346629
1757015347.169977,109822.0,0.003,sell,1047225943106819,1757015346773
1757015347.169977,109822.0,0.0091,sell,424441362057087,1757015346773
1757015347.3525662,109822.0,0.04079,sell,1084789212467560,1757015346849
1757015347.4863524,109823.0,0.0001,buy,1070665712724294,1757015347037
1757015348.4329638,109822.0,0.03476,sell,693560449984975,1757015348044
1757015348.4329638,109822.0,0.00011,sell,781712932333834,1757015348044
1757015348.4329638,109821.0,0.00011,sell,736694205222101,1757015348044
1757015348.6435595,109820.0,0.00011,sell,930906113033868,1757015348234
1757015348.6435595,109819.0,0.00011,sell,175818921036183,1757015348234
1757015351.709471,109801.0,0.00012,sell,606090803344226,1757015351070
1757015352.2619185,109801.0,0.13646,sell,806387422343379,1757015351943
1757015352.2619185,109801.0,0.00011,sell,681131038392221,1757015351943
1757015352.2619185,109801.0,0.33211,sell,395372711634281,1757015351943
1757015352.4240844,109802.0,0.00012,buy,101458232194807,1757015352080
1757015355.3810356,109802.0,0.00476,buy,105513114366688,1757015355009
1757015356.7908902,109802.0,0.0001,buy,1070172277520707,1757015356038
1757015357.4505014,109802.0,0.00957,buy,358917218079073,1757015357018
1757015362.1881986,109801.0,0.00011,sell,1013820026775247,1757015361006
1757015362.1881986,109801.0,0.01013,sell,504974123509290,1757015361006
1757015365.3346,109802.0,0.00011,buy,120466524839243,1757015365008
1757015365.826517,109802.0,0.01605,buy,268856089079984,1757015365528
1757015365.826517,109802.0,0.01597,buy,1010109495662135,1757015365528
1757015368.3915997,109801.0,0.00239,sell,80578632808654,1757015368082
1757015369.989339,109802.0,0.02058,buy,775470272521002,1757015369589
1757015370.132056,109802.0,0.00998,buy,279240347123540,1757015369807
1757015372.593542,109801.0,0.00038,sell,377731646865808,1757015372069
1757015372.593542,109802.0,0.00476,buy,737535143509222,1757015372069
1757015374.189679,109802.0,0.00988,buy,525327554799606,1757015373849
1757015374.189679,109802.0,0.0098,buy,1087794293349381,1757015373849
1757015374.4101167,109802.0,0.00034,buy,64456158719640,1757015374085
1757015375.5017197,109801.0,0.00017,sell,154929531821456,1757015375047
1757015377.41033,109802.0,0.0001,buy,533201335296637,1757015377024
1757015381.6830342,109801.0,0.00012,sell,934732161454813,1757015381040
1757015382.5128422,109802.0,0.00012,buy,805960709158184,1757015382059
1757015382.9321613,109801.0,0.01336,sell,1052677415175816,1757015382646
1757015384.940326,109801.0,0.01893,sell,650836852450855,1757015384659
1757015384.940326,109801.0,0.06375,sell,909231001056124,1757015384659
1757015385.3351653,109802.0,0.00476,buy,302798263094074,1757015385007
1757015386.2944114,109802.0,0.0001,buy,402848395108250,1757015386003
1757015387.469267,109802.0,0.00957,buy,444953334886067,1757015387024
1757015391.8181763,109801.0,0.01025,sell,379881756015429,1757015391090
1757015395.384378,109802.0,0.00012,buy,177817486257049,1757015395068
1757015398.482839,109801.0,0.00011,sell,715715865888896,1757015398075
1757015398.482839,109801.0,0.00471,sell,158490691500753,1757015398075
1757015403.3154688,109801.0,0.00341,buy,389518683057405,1757015401422
1757015403.3154688,109801.0,0.33764,buy,115896317390329,1757015401422
1757015403.3154688,109802.0,0.09776,buy,767126381154992,1757015401422
1757015403.3154688,109802.0,0.00011,buy,198233268743681,1757015401422
1757015403.3154688,109802.0,0.0004,buy,907767307714434,1757015401422
1757015403.3154688,109802.0,0.0208,buy,624347023347434,1757015401422
1757015403.3154688,109802.0,0.00836,buy,459068029950617,1757015401422
1757015403.3154688,109802.0,0.009,buy,155943675882066,1757015401422
1757015403.4940019,109803.0,0.00011,buy,966164874826094,1757015401985
1757015403.4940019,109804.0,0.00011,buy,215470578776683,1757015401985
1757015403.4940019,109805.0,0.00011,buy,538891897821222,1757015401985
1757015403.4940019,109805.0,0.0096,buy,531123300499035,1757015401985
1757015403.4940019,109806.0,0.00011,buy,942708548081421,1757015401985
1757015403.4940019,109807.0,0.00011,buy,485653451977637,1757015401985
1757015403.5267503,109802.0,0.00039,sell,1122605990325711,1757015402128
1757015403.5267503,109808.0,0.00011,buy,372101048831045,1757015402128
1757015403.5267503,109809.0,0.00465,buy,969909799856408,1757015402128
1757015403.5267503,109809.0,0.00044,buy,1089109166042172,1757015402128
1757015403.5267503,109809.0,0.00044,buy,824795561890452,1757015402128
1757015403.5267503,109809.0,0.00044,buy,892267348298829,1757015402229
1757015403.5267503,109809.0,0.0091,buy,917558146014713,1757015402229
1757015403.5769258,109809.0,0.00044,buy,1086440159438424,1757015402331
1757015403.5769258,109809.0,0.18449,buy,260831115714605,1757015402331
1757015403.5769258,109813.0,0.00011,buy,658669223029119,1757015402331
1757015403.5769258,109814.0,0.00011,buy,238016067966726,1757015402331
1757015404.4081013,109827.0,0.00035,buy,628735435570160,1757015404009
1757015405.4867141,109826.0,0.0002,sell,620810030587024,1757015405067
1757015407.963278,109822.0,0.0002,sell,976837695028916,1757015406791
1757015407.963278,109822.0,0.00011,sell,399358651603279,1757015406791
1757015408.1302726,109812.0,0.00011,sell,273519885495600,1757015407079
1757015408.1302726,109811.0,0.00011,sell,21960948611761,1757015407079
1757015408.1677804,109810.0,0.00011,sell,878958665569405,1757015407130
1757015408.1677804,109809.0,0.00011,sell,798884976688761,1757015407130
1757015408.1677804,109808.0,0.00011,sell,899030216849097,1757015407130
1757015408.1677804,109807.0,0.00011,sell,146491408330290,1757015407130
1757015408.9856179,109804.0,0.00011,sell,401961861248349,1757015408617
1757015408.9856179,109803.0,0.00011,sell,213873207803888,1757015408617
1757015408.9856179,109802.0,0.00011,sell,1119209828860413,1757015408617
1757015408.9856179,109801.0,0.00011,sell,642833729844644,1757015408617
1757015408.9856179,109800.0,1.0,sell,157501719534367,1757015408617
1757015409.29856,109796.0,0.00011,sell,544513267818806,1757015408753
1757015409.29856,109793.0,0.00011,sell,1072748369511601,1757015408753
1757015409.29856,109784.0,0.00011,sell,692362375191066,1757015408753
1757015409.29856,109783.0,0.00011,sell,964404182952748,1757015408753
1757015409.29856,109781.0,0.00956,sell,585223202859812,1757015408753
1757015409.5146606,109781.0,0.00576,sell,727468961743640,1757015408814
1757015409.5146606,109781.0,0.00334,sell,66769496337774,1757015408814
1757015409.5146606,109781.0,0.0091,sell,242806699795574,1757015408814
1757015409.5146606,109781.0,0.01,sell,58106169929586,1757015408814
1757015409.5146606,109781.0,0.01,sell,817539296253633,1757015409020
1757015409.5146606,109781.0,0.01,sell,956170875120639,1757015409020
1757015411.5247512,109780.0,0.00012,sell,835687055370645,1757015411091
1757015412.5889013,109781.0,0.00011,buy,184043238033074,1757015412040
1757015415.0300694,109780.0,0.001,sell,864050682781434,1757015414604
1757015415.0300694,109773.0,0.00011,sell,828127648797355,1757015414604
1757015415.0300694,109772.0,0.00011,sell,661647750823081,1757015414604
1757015415.0300694,109771.0,0.00011,sell,612736275168835,1757015414604
1757015415.0300694,109770.0,0.00011,sell,695342596007716,1757015414604
1757015415.0300694,109769.0,0.00011,sell,199835184948118,1757015414604
1757015415.0300694,109768.0,0.00346,sell,372540177445534,1757015414604
1757015415.0300694,109768.0,0.00011,sell,303907142314468,1757015414604
1757015415.0300694,109767.0,0.00011,sell,1124839890907837,1757015414604
1757015415.0300694,109767.0,0.15926,sell,1108361733873846,1757015414604
1757015415.4451203,109768.0,0.00476,buy,438748702903584,1757015415095
1757015416.4725473,109767.0,0.0001,buy,428418645675296,1757015416110
1757015417.7377036,109767.0,0.00957,buy,775489688507919,1757015417053
1757015421.4720151,109780.0,0.01024,sell,690304254336838,1757015421086
1757015422.9161541,109780.0,0.10862,sell,313882638789927,1757015422197
1757015422.9161541,109780.0,0.47403,sell,634551644502000,1757015422197
1757015424.2578058,109775.0,0.00011,sell,599027600488968,1757015423737
1757015424.2578058,109770.0,0.00011,sell,160293045233619,1757015423737
1757015424.2578058,109769.0,0.00011,sell,446160616930222,1757015423737
1757015424.2578058,109767.0,0.00011,sell,84255009661439,1757015423737
1757015424.2578058,109765.0,0.00011,sell,33006176080623,1757015423737
1757015424.2578058,109764.0,0.00011,sell,747868358129041,1757015423737
1757015424.2578058,109763.0,0.00011,sell,312150931826627,1757015423737
1757015424.2578058,109761.0,0.00011,sell,348326696368135,1757015423737
1757015424.2578058,109760.0,0.03622,sell,792126845808264,1757015423737
1757015424.2578058,109759.0,0.00341,sell,629972728908485,1757015423737
1757015424.2578058,109759.0,0.05801,sell,795696981270832,1757015423737
1757015425.4071946,109760.0,0.00011,buy,1030388392813833,1757015425042
1757015426.6075919,109760.0,0.24989,buy,495387575051674,1757015426272
1757015426.6075919,109760.0,0.2395,buy,267908244731188,1757015426272
1757015426.6075919,109760.0,0.03821,buy,52377732716893,1757015426272
1757015428.3760378,109759.0,0.00011,sell,535681515654766,1757015428054
1757015428.3760378,109759.0,0.00275,sell,335647207941173,1757015428054
1757015432.350067,109759.0,0.00038,sell,888381677768380,1757015431244
1757015432.350067,109760.0,0.00476,buy,379306800666933,1757015431244
1757015433.0040245,109760.0,0.0091,buy,907839936674976,1757015431713
1757015433.0040245,109759.0,0.0091,sell,478359415460884,1757015431713
1757015433.0040245,109759.0,0.0421,sell,487289461192468,1757015431713
1757015434.03948,109759.0,0.00011,sell,302817519825035,1757015433755
1757015434.03948,109759.0,0.01462,sell,954535930995789,1757015433755
1757015434.3335648,109760.0,0.00035,buy,44990647317303,1757015434007
1757015434.4806368,109760.0,0.01,buy,1050411402387399,1757015434126
1757015435.3913858,109759.0,0.00016,sell,380436095294694,1757015435017
1757015435.5473344,109759.0,0.00015,sell,537864775894795,1757015435133
1757015437.7058873,109760.0,0.0001,buy,1049069034389432,1757015437061
1757015438.9908571,109759.0,0.00015,sell,1050695432741111,1757015438580
1757015439.018669,109759.0,0.00015,sell,32407382811691,1757015438644
1757015441.3904133,109759.0,0.00011,sell,782334171100429,1757015441045
1757015441.3904133,109759.0,1e-05,sell,1083151625415165,1757015441045
1757015442.921908,109758.0,0.00012,buy,617281604685092,1757015442193
1757015442.921908,109757.0,0.00011,sell,243782689350751,1757015442193
1757015442.921908,109757.0,0.00897,sell,410110620879972,1757015442193
1757015442.936061,109758.0,0.45542,buy,1097749090887653,1757015442632
1757015442.936061,109758.0,0.04535,buy,735696578820563,1757015442632
1757015443.4048407,109757.0,0.00011,sell,135838355156592,1757015443116
1757015444.3851109,109756.0,0.00011,sell,678668414971684,1757015444049
1757015444.3851109,109756.0,0.001,sell,362557719180512,1757015444049
1757015444.3851109,109756.0,0.00012,sell,873732775851898,1757015444049
1757015445.5196736,109757.0,0.00476,buy,412290517663613,1757015445041
1757015446.4403274,109757.0,0.0001,buy,210701130288840,1757015446048
1757015447.6641877,109751.0,0.00957,buy,928345907853691,1757015447039
1757015451.130898,109750.0,0.00139,sell,803374406800078,1757015450814
1757015451.499431,109754.0,0.01024,sell,512125869671646,1757015451016
1757015453.1699877,109755.0,0.00011,buy,967647877596126,1757015452754
1757015453.1699877,109755.0,0.00109,buy,679393477166381,1757015452754
1757015453.1699877,109755.0,0.00021,buy,25120787919934,1757015452754
1757015453.996502,109755.0,0.001,sell,904021961673173,1757015453632
1757015455.473747,109756.0,0.00011,buy,730915482353493,1757015455078
1757015456.1435797,109756.0,0.00011,buy,986379901968845,1757015455777
1757015456.1435797,109756.0,0.00034,buy,789096617449343,1757015455777
1757015457.8852363,109755.0,0.00025,sell,435561829743549,1757015457298
1757015458.5407505,109755.0,0.00398,sell,597563446148270,1757015458104
1757015459.4013426,109757.0,0.00011,buy,268452112919738,1757015459088
1757015459.4013426,109760.0,0.00171,buy,855223145181599,1757015459088
1757015459.667042,109760.0,0.18392,buy,935592781459577,1757015459318
1757015460.7901049,109760.0,0.01437,buy,168664966967122,1757015460344
1757015460.7901049,109760.0,0.00011,buy,809267203852491,1757015460344
1757015460.7901049,109761.0,0.00011,buy,270979762071428,1757015460344
1757015460.7901049,109762.0,0.00011,buy,964772231704895,1757015460344
1757015460.7901049,109763.0,0.00011,buy,171246353725290,1757015460344
1757015460.7901049,109764.0,0.00011,buy,518933132212382,1757015460344
1757015460.7901049,109765.0,0.00011,buy,286871660661538,1757015460344
1757015460.7901049,109766.0,0.00011,buy,1087825991566047,1757015460344
1757015460.7901049,109767.0,0.00011,buy,277082890121310,1757015460344
1757015460.7901049,109768.0,0.00011,buy,1052614787250000,1757015460344
1757015460.7901049,109768.0,0.02277,buy,712704695403396,1757015460344
1757015460.7901049,109768.0,0.01678,buy,454082590930864,1757015460344
1757015462.771702,109769.0,0.00038,sell,518354259262379,1757015462060
1757015462.771702,109770.0,0.00477,buy,2425635089753,1757015462060
1757015463.3863866,109770.0,0.00526,buy,623943467342953,1757015462886
1757015464.5406344,109770.0,0.00035,buy,1013837343273361,1757015464097
1757015464.7400768,109769.0,0.00442,sell,722908517821072,1757015464402
1757015464.9965663,109769.0,0.0547,sell,545632934266679,1757015464581
1757015465.559298,109769.0,0.00015,sell,122653169751791,1757015465085
1757015467.9471498,109770.0,0.0001,buy,215681729575610,1757015467020
1757015469.6515136,109759.0,0.00353,sell,878106466008721,1757015469342
1757015469.7753954,109759.0,0.00102,sell,1044241299288525,1757015469449
1757015469.7753954,109759.0,0.0035,sell,247789372014335,1757015469449
1757015471.4926171,109759.0,0.00012,sell,648006504696425,1757015471038
1757015472.1225572,109759.0,0.02282,sell,448185007358576,1757015471853
1757015472.7287452,109760.0,0.00011,buy,1117726441282945,1757015472051
1757015475.4344597,109760.0,0.00477,buy,345470930911779,1757015475020
1757015476.2815785,109760.0,0.13596,buy,413914279678864,1757015475825
1757015476.4761815,109760.0,0.0001,buy,329572531820027,1757015476029
1757015477.8581562,109760.0,0.00957,buy,882856503363837,1757015477016
1757015478.3117976,109759.0,0.03644,sell,805358698659313,1757015477536
1757015478.703171,109759.0,0.07294,sell,773633383751891,1757015478420
1757015478.703171,109759.0,0.005,sell,802071991939192,1757015478420
1757015478.703171,109759.0,0.00011,sell,559728309269257,1757015478420
1757015478.703171,109759.0,0.45577,sell,839905972060818,1757015478420
1757015478.703171,109759.0,0.19896,sell,521410187737587,1757015478420
1757015479.0000732,109760.0,0.0002,buy,908767319885119,1757015478570
1757015479.0000732,109760.0,0.00011,buy,379491157483474,1757015478570
1757015479.0000732,109760.0,0.00407,buy,1083115406685810,1757015478570
1757015479.075833,109760.0,0.00437,buy,465040938965690,1757015478721
1757015479.3829937,109760.0,0.09156,buy,548208144648195,1757015478966
1757015479.3829937,109760.0,0.00079,buy,377793907970415,1757015478966
1757015479.657152,109760.0,0.02804,sell,209284125671871,1757015479379
1757015480.5946348,109766.0,0.09526,buy,538327793926917,1757015480285
1757015481.4545975,109765.0,0.01025,sell,792728405442498,1757015481003
1757015482.8042727,109759.0,0.00836,sell,495289985600588,1757015482005
1757015482.8042727,109758.0,0.00011,sell,512256711606773,1757015482005
1757015482.8042727,109757.0,0.00011,sell,958784082128239,1757015482005
1757015482.8042727,109756.0,0.00011,sell,613970149865821,1757015482005
1757015482.8042727,109755.0,0.00011,sell,538028189451737,1757015482005
1757015482.8042727,109755.0,0.46373,sell,882485981583884,1757015482005
1757015485.3807507,109755.0,0.00011,buy,514850207423029,1757015485045
1757015488.4633431,109754.0,0.00355,sell,388100578458780,1757015488062
1757015489.3196192,109754.0,0.00338,sell,1063204204641468,1757015489032
1757015492.874231,109754.0,0.00039,sell,428196893607359,1757015492023
1757015492.874231,109755.0,0.00476,buy,896122395183019,1757015492023
1757015493.1774495,109754.0,0.00179,sell,374631097302613,1757015492516
1757015493.1774495,109754.0,0.00011,sell,429193829329123,1757015492516
1757015493.1774495,109754.0,0.01,sell,55492631295884,1757015492516
1757015493.8941128,109755.0,0.2,buy,341373844314975,1757015493141
1757015493.8941128,109755.0,0.00011,buy,184428362531525,1757015493141
1757015494.1657267,109756.0,0.00011,buy,381850092482016,1757015493437
1757015494.1657267,109757.0,0.00011,buy,1105136085933195,1757015493437
1757015494.1657267,109758.0,0.00011,buy,1010146758964698,1757015493437
1757015494.6588247,109759.0,0.00011,buy,745753217195268,1757015494054
1757015494.6588247,109760.0,0.00023,buy,703842465416009,1757015494054
1757015495.234697,109761.0,0.00174,sell,1059386421909131,1757015494935
1757015495.2966642,109761.0,0.00017,sell,1092142670440331,1757015495003
1757015495.8625984,109761.0,0.01,sell,224603205743850,1757015495570
1757015497.7252035,109762.0,0.0001,buy,622386578656785,1757015497073
1757015498.4896402,109762.0,1e-05,buy,37708144681747,1757015498005
1757015498.4896402,109762.0,0.00011,buy,63284352317314,1757015498005
1757015498.4896402,109762.0,0.06955,buy,286393365380061,1757015498005
1757015498.5638263,109762.0,0.13045,buy,258336725656818,1757015498196
1757015498.9425313,109762.0,0.31391,sell,410478656552556,1757015498410
1757015498.9425313,109762.0,0.08111,sell,151452804140632,1757015498410
1757015498.9425313,109762.0,0.39498,sell,823634760170862,1757015498410
1757015499.1214054,109763.0,0.00011,buy,254301364021459,1757015498683
1757015501.3798153,109773.0,0.00012,sell,867247428010051,1757015501033
1757015502.435756,109782.0,0.00012,buy,363509331001272,1757015502037
1757015503.8150477,109782.0,0.00011,buy,598082203868944,1757015503343
1757015503.8150477,109782.0,0.2,buy,1002265349335375,1757015503343
1757015505.3514118,109791.0,0.00217,buy,302124589558515,1757015505032
1757015505.3514118,109791.0,0.00259,buy,638966805311994,1757015505032
1757015506.4070249,109791.0,0.0001,buy,591052592813596,1757015506043
1757015507.3424122,109791.0,1e-05,buy,672427995722972,1757015507056
1757015507.3424122,109791.0,0.00956,buy,836107932058716,1757015507056
1757015508.1632364,109790.0,0.07358,sell,303538318521233,1757015507591
1757015511.493203,109790.0,0.01024,sell,942069401223323,1757015511071
1757015511.5621781,109791.0,0.0004,buy,954225004697695,1757015511177
1757015511.7156143,109791.0,0.0004,buy,187071817758004,1757015511366
1757015513.3053858,109791.0,0.09292,buy,892432148409143,1757015512995
1757015513.6652875,109791.0,0.00099,buy,465414704363152,1757015513351
1757015514.712802,109791.0,0.03,buy,411299746700088,1757015514227
1757015515.4280448,109791.0,0.00011,buy,211914393396355,1757015515060
1757015515.4332447,109791.0,0.00057,buy,434163988871144,1757015515139
1757015515.4897177,109791.0,0.00057,buy,301970676944658,1757015515213
1757015515.9011273,109791.0,0.00237,buy,1006376159034814,1757015515586
1757015518.372154,109790.0,0.00252,sell,727104205379472,1757015517730
1757015518.372154,109790.0,0.00416,sell,1031042489956880,1757015518037
1757015519.5765436,109791.0,0.00532,buy,995214165181338,1757015519179
1757015519.7799022,109791.0,0.00532,buy,253790644909357,1757015519415
1757015522.4815443,109790.0,0.00038,sell,703227390970188,1757015522041
1757015522.4815443,109791.0,0.00476,buy,669292728021672,1757015522041
1757015523.9196956,109791.0,0.05627,buy,304119114268773,1757015523301
1757015523.9196956,109791.0,0.1366,buy,8183610190425,1757015523301
1757015523.9196956,109791.0,0.03102,buy,466871123598799,1757015523301
1757015523.9196956,109791.0,0.36416,buy,939448182867781,1757015523301
1757015523.9196956,109791.0,0.18217,buy,686755562918403,1757015523301
1757015523.9196956,109791.0,0.36419,buy,480302198783568,1757015523301
1757015523.9196956,109791.0,0.2,buy,841896912706471,1757015523301
1757015523.9196956,109791.0,0.13324,buy,457631985824208,1757015523301
1757015523.9196956,109792.0,0.00011,buy,588666354421443,1757015523301
1757015523.9196956,109793.0,0.00011,buy,606237058963946,1757015523301
1757015523.9196956,109794.0,0.00011,buy,780677361949022,1757015523301
1757015523.9196956,109794.0,0.01656,buy,27517912919388,1757015523301
1757015523.9196956,109795.0,0.00011,buy,922663651504432,1757015523301
1757015523.9196956,109795.0,0.00955,buy,817365345955254,1757015523301
1757015523.9196956,109795.0,0.04553,buy,220145300023487,1757015523301
1757015523.9196956,109796.0,0.00011,buy,147762392796143,1757015523301
1757015523.9196956,109796.0,0.04553,buy,832201841614275,1757015523301
1757015523.9196956,109796.0,0.05462,buy,1093882722579097,1757015523301
1757015524.5879118,109796.0,0.00035,buy,759250991276625,1757015524119
1757015525.4318354,109790.0,0.00021,sell,595866271577348,1757015525022
1757015526.0956178,109790.0,0.00019,sell,811255935097309,1757015525621
1757015526.0956178,109790.0,0.18204,sell,367997766242382,1757015525621
1757015526.4183316,109790.0,0.00044,sell,357482996581608,1757015526003
1757015526.445472,109790.0,0.00989,sell,426606702211156,1757015526057
1757015526.445472,109790.0,0.00011,sell,225383093151356,1757015526057
1757015526.445472,109790.0,0.1775,sell,570805549878023,1757015526057
1757015526.70811,109790.0,0.00044,sell,191353557602748,1757015526379
1757015527.4587119,109791.0,0.0001,buy,240693420223194,1757015527007
1757015527.5649936,109790.0,0.0091,sell,1044643390001910,1757015527182
1757015528.1244028,109790.0,0.27053,sell,556067939563657,1757015527369
1757015528.426463,109790.0,0.27424,sell,954860143141962,1757015527651
1757015528.6558769,109790.0,0.32183,sell,1117817520434143,1757015527801
1757015528.656405,109791.0,0.0918,buy,685883178335995,1757015528017
1757015528.656405,109790.0,0.3107,sell,183568565742957,1757015528017
1757015528.656405,109790.0,0.32994,sell,574968139805152,1757015528017
1757015528.656405,109790.0,0.30572,sell,558879485307903,1757015528017
1757015528.656405,109790.0,0.00011,sell,614820490849412,1757015528017
1757015529.7743955,109788.0,0.00111,sell,346203482118843,1757015529479
1757015530.0305865,109788.0,0.00012,sell,914149056861671,1757015529600
1757015531.3914065,109788.0,0.00012,sell,1093213814616296,1757015531061
1757015531.7957318,109789.0,0.01822,buy,431792725242877,1757015531418
1757015532.432086,109789.0,0.00012,buy,333353492873747,1757015532014
1757015533.4109442,109788.0,0.05406,sell,119031667696009,1757015532953
1757015534.2088022,109788.0,0.00532,sell,1080487294672881,1757015533929
1757015534.2088022,109788.0,0.03187,sell,303253762547657,1757015533929
1757015534.2088022,109788.0,0.03052,sell,569353269758900,1757015533929
1757015535.476959,109789.0,0.00011,buy,287047267896094,1757015535057
1757015535.476959,109789.0,0.00465,buy,1045433142769377,1757015535057
1757015536.456964,109790.0,0.0001,buy,1058116732711008,1757015536045
1757015537.4127192,109796.0,0.00957,buy,638454178528642,1757015537044
1757015538.6904874,109796.0,0.04581,buy,931167669915701,1757015538271
1757015539.765838,109796.0,0.14462,buy,708931091022466,1757015539421
1757015539.765838,109796.0,0.03102,buy,782677036534672,1757015539421
1757015539.765838,109796.0,0.00011,buy,756653466607429,1757015539421
1757015539.765838,109796.0,0.05536,buy,966853483820693,1757015539421
1757015539.765838,109796.0,0.91068,buy,374014614645646,1757015539421
1757015539.765838,109796.0,0.04553,buy,924484296657857,1757015539421
1757015539.765838,109797.0,0.00011,buy,782958414897415,1757015539421
1757015539.765838,109798.0,0.00011,buy,352415587975742,1757015539421
1757015539.765838,109798.0,0.1366,buy,664309057680129,1757015539421
1757015539.765838,109798.0,0.04553,buy,775072036759582,1757015539421
1757015539.765838,109799.0,0.00011,buy,640144879527270,1757015539421
1757015539.765838,109799.0,0.04553,buy,33276716180656,1757015539421
1757015539.765838,109800.0,0.00011,buy,358795878182236,1757015539421
1757015539.765838,109800.0,2.73196,buy,635752126429926,1757015539421
1757015539.765838,109800.0,1.36596,buy,634690307692031,1757015539421
1757015539.765838,109801.0,0.00011,buy,909129699994606,1757015539421
1757015539.765838,109801.0,0.04553,buy,826596794987990,1757015539421
1757015539.765838,109801.0,0.54638,buy,716041151835731,1757015539421
1757015539.765838,109802.0,0.00011,buy,431176626885194,1757015539421
1757015539.765838,109802.0,0.03622,buy,277614093009718,1757015539421
1757015539.765838,109802.0,0.6829,buy,915048599199748,1757015539421
1757015539.765838,109802.0,0.11499,buy,1027522448349855,1757015539421
1757015539.765838,109803.0,0.009,buy,207213053298366,1757015539421
1757015539.765838,109803.0,0.00011,buy,852412465574417,1757015539421
1757015539.765838,109803.0,0.02246,buy,400670761602517,1757015539421
1757015539.765838,109803.0,0.02394,buy,837497636318817,1757015539421
1757015539.765838,109804.0,0.00011,buy,984004124312011,1757015539421
1757015539.765838,109804.0,0.09167,buy,1117795153992607,1757015539421
1757015539.765838,109804.0,0.07929,buy,386655211481473,1757015539421
1757015541.330108,109803.0,0.01024,sell,310586854204802,1757015541012
1757015544.7902646,109796.0,0.00217,sell,141795664510480,1757015544162
1757015544.7902646,109796.0,1e-05,sell,358987848790924,1757015544162
1757015544.846112,109799.0,0.00317,sell,1072833344342008,1757015544260
1757015545.140261,109800.0,0.00113,buy,688807031275082,1757015544662
1757015545.3857343,109803.0,0.00012,buy,26346442887730,1757015545038
1757015546.2294898,109804.0,0.2,buy,556972665622292,1757015545941
1757015546.2294898,109804.0,0.00011,buy,256718367247730,1757015545941
1757015548.4363987,109815.0,0.00293,sell,941131831964279,1757015548018
1757015552.4971242,109815.0,0.00038,sell,763111942433301,1757015552048
1757015552.4971242,109816.0,0.00414,buy,721883050342584,1757015552048
1757015553.527863,109815.0,0.01503,sell,315529508570868,1757015553050
1757015553.527863,109815.0,0.08497,sell,487538210910779,1757015553050
1757015553.9608011,109816.0,0.2,buy,1107454269293550,1757015553460
1757015553.9608011,109816.0,0.009,buy,1041141134937361,1757015553460
1757015553.9608011,109816.0,0.00011,buy,847978038395809,1757015553460
1757015554.4660761,109817.0,0.00035,buy,681144968446615,1757015554058
1757015554.8702748,109817.0,0.00311,buy,1007223469331429,1757015554542
1757015554.8702748,109817.0,0.00011,buy,420607323710464,1757015554542
1757015555.4453108,109817.0,0.00017,sell,329824082179434,1757015555102
1757015556.6749938,109830.0,0.05474,sell,684753193480189,1757015556313
1757015556.725162,109830.0,0.03144,sell,598390671519295,1757015556377
1757015557.3474512,109831.0,0.0001,buy,657688262609777,1757015557033
1757015558.4980862,109831.0,0.00218,buy,557225929648342,1757015557629
1757015558.7079167,109831.0,0.09016,buy,820748359671189,1757015558067
1757015561.3674562,109830.0,0.00012,sell,123169652687238,1757015561002
1757015562.3883405,109831.0,0.00011,buy,972677234824050,1757015562046
1757015565.4443161,109831.0,0.00256,buy,501639956028834,1757015565061
1757015565.4569392,109831.0,0.0096,buy,332215867598145,1757015565123
1757015566.3904517,109831.0,0.0001,buy,846831849906942,1757015566055
1757015567.4253438,109831.0,0.00957,buy,396804327157745,1757015567065
1757015570.2458518,109831.0,0.00225,buy,43880679563057,1757015569676
1757015571.440936,109830.0,0.01025,sell,148943079606984,1757015571072
1757015573.6947904,109830.0,0.001,sell,231612561060812,1757015572913
1757015574.5086114,109830.0,0.40245,sell,735027043437910,1757015574095
1757015574.5086114,109830.0,0.25,sell,479413732540608,1757015574095
1757015574.5086114,109830.0,0.25,sell,275808594292195,1757015574095
1757015574.5086114,109830.0,0.2823,sell,625504823885640,1757015574095
1757015574.5086114,109830.0,0.25,sell,1005816171978344,1757015574095
1757015574.5086114,109830.0,0.20524,sell,213270578968660,1757015574095
1757015575.2107306,109831.0,0.01778,buy,569963421000711,1757015574738
1757015575.339175,109831.0,0.00011,buy,323024968479917,1757015575029
1757015578.5633,109830.0,0.00373,sell,764166040907022,1757015578061
1757015580.8935895,109831.0,0.15792,buy,92807086623139,1757015580504
1757015580.8935895,109831.0,0.00011,buy,204748411578811,1757015580504
1757015580.8935895,109831.0,0.00143,buy,7013777678094,1757015580504
1757015580.8935895,109832.0,0.00011,buy,609666412412934,1757015580504
1757015580.8935895,109833.0,0.00011,buy,280262118279735,1757015580504
1757015580.8935895,109834.0,0.00011,buy,698154122792074,1757015580504
1757015581.1291916,109835.0,0.00011,buy,40487927037176,1757015580707
1757015581.1291916,109836.0,0.00011,buy,1084652041615335,1757015580707
1757015581.1291916,109837.0,0.00011,buy,1051271845166434,1757015580707
1757015581.1291916,109838.0,0.00011,buy,122664991993392,1757015580707
1757015582.45232,109845.0,0.00039,sell,466634188092487,1757015582041
1757015582.45232,109846.0,0.0001,buy,618258625051644,1757015582041
1757015583.8183253,109846.0,0.07991,buy,1059525397058304,1757015583461
1757015584.4196548,109846.0,0.00011,buy,618897362301051,1757015584066
1757015584.4196548,109846.0,0.00023,buy,75016439960862,1757015584066
1757015584.7101455,109846.0,0.19977,buy,474085810148953,1757015584397
1757015584.8106806,109847.0,0.00011,buy,169637175770693,1757015584468
1757015584.8106806,109848.0,0.00011,buy,739141982837578,1757015584468
1757015584.8106806,109849.0,0.00011,buy,1065897850194858,1757015584468
1757015584.8106806,109850.0,0.00011,buy,678632374608795,1757015584468
1757015584.8106806,109851.0,0.00056,buy,891648439318875,1757015584468
1757015585.1802127,109851.0,0.00011,buy,107436845725270,1757015584871
1757015585.1802127,109851.0,0.00151,buy,480934277712553,1757015584871
1757015585.1802127,109852.0,0.00011,buy,954052340238456,1757015584871
1757015585.1802127,109853.0,0.01194,buy,1014017181460630,1757015584871
1757015585.1802127,109853.0,0.00011,buy,1032993635649809,1757015584871
1757015585.1802127,109853.0,0.09154,buy,119548646072737,1757015584871
1757015585.1802127,109853.0,0.02263,buy,1118039010859235,1757015584871
1757015585.3639045,109850.0,0.00015,sell,1082691120944808,1757015585010
1757015586.080679,109853.0,0.00237,buy,515873196491704,1757015585694
1757015587.4643404,109853.0,0.0001,buy,712153982966909,1757015587043
1757015588.8968399,109853.0,0.06968,buy,1047408332255941,1757015588012
1757015591.0534635,109853.0,0.00075,buy,456455551120573,1757015590720
1757015591.627511,109852.0,0.00011,sell,283742973682367,1757015591054
1757015591.627511,109851.0,1e-05,sell,993963496427768,1757015591054
1757015592.5111797,109852.0,0.00012,buy,548825756352679,1757015592053
1757015592.9501579,109851.0,0.0011,sell,757625463519223,1757015592542
1757015593.0642912,109851.0,0.00011,sell,444975071855442,1757015592739
1757015595.482752,109852.0,0.00222,buy,715893379775924,1757015595023
1757015596.4926066,109852.0,0.0001,buy,460694550710633,1757015596048
1757015596.8143544,109851.0,0.0002,sell,165674481778316,1757015596485
1757015596.9539714,109850.0,0.00045,sell,205777264319563,1757015596667
1757015596.9539714,109849.0,0.00011,sell,698423651969590,1757015596667
1757015596.9539714,109848.0,0.00044,sell,740839369143879,1757015596667
1757015597.5365207,109848.0,0.00957,buy,1044944236792782,1757015597069
1757015601.384741,109840.0,0.01024,sell,311952615588425,1757015601042
1757015602.58194,109840.0,0.00183,sell,227168031833634,1757015602280
1757015604.0910788,109841.0,0.00227,buy,87657547598246,1757015603330
1757015605.43718,109841.0,0.00011,buy,702638870167468,1757015605036
1757015605.43718,109840.0,0.003,sell,629268656947836,1757015605036
1757015605.9889226,109840.0,0.001,sell,432708028139992,1757015605639
1757015608.4057233,109840.0,0.00344,sell,1049791675556636,1757015608016
1757015611.6744988,109841.0,0.2,buy,31585986546362,1757015611262
1757015611.6744988,109841.0,0.009,buy,870054941626685,1757015611262
1757015611.6744988,109841.0,0.19237,buy,480737354169843,1757015611262
1757015611.6744988,109841.0,0.00011,buy,180091624242008,1757015611262
1757015611.6744988,109841.0,0.00836,buy,379068914161084,1757015611262
1757015612.3923488,109844.0,0.00038,sell,649450619879062,1757015612002
1757015614.4090219,109845.0,0.00011,buy,389369909377913,1757015614001
1757015614.4090219,109845.0,0.00024,buy,49517064050681,1757015614001
1757015614.4877222,109845.0,0.08194,buy,867818665628369,1757015614188
1757015615.4371655,109844.0,0.00022,sell,826689296300193,1757015615077
1757015615.9365058,109845.0,0.00207,buy,228460822555170,1757015615457
1757015617.4509366,109844.0,0.0001,buy,489423446455303,1757015617066
1757015618.3904402,109844.0,0.0959,buy,67080956538800,1757015618069
1757015621.4346445,109843.0,0.00011,sell,255517942027144,1757015621057
1757015621.4346445,109842.0,1e-05,sell,595068084448930,1757015621057
1757015622.453451,109842.0,0.00012,buy,1036488448775286,1757015622070
1757015626.2931483,109841.0,0.0001,buy,273382703087968,1757015626038
1757015627.4151227,109841.0,0.00958,buy,1032734466675275,1757015627078
1757015631.4938657,109840.0,0.01024,sell,974524761239846,1757015631046
1757015631.638654,109840.0,0.00041,sell,814912424108864,1757015631250
1757015632.6521397,109841.0,0.00011,buy,1113029470633389,1757015632264
1757015632.771329,109842.0,0.0002,buy,316625089949836,1757015632366
1757015632.771329,109842.0,0.00011,buy,745920474459482,1757015632366
1757015634.293281,109845.0,0.2,buy,780104779409962,1757015633441
1757015634.293281,109845.0,0.00011,buy,361493149272205,1757015633441
1757015635.5233858,109851.0,0.00011,buy,74052762028833,1757015635050
1757015636.2226696,109846.0,0.00012,buy,710712190820338,1757015635695
1757015636.6051736,109845.0,0.00836,sell,1039736513720989,1757015636118
1757015636.6051736,109840.0,0.04628,sell,61600653542782,1757015636118
1757015637.815595,109841.0,0.001,buy,235590377299747,1757015637562
1757015638.329371,109840.0,0.0038,sell,1049256400785754,1757015638021
1757015639.5459142,109841.0,0.13212,buy,638396439921724,1757015638427
1757015639.5464268,109840.0,0.001,sell,7996512213949,1757015638920
1757015639.55648,109840.0,0.00041,sell,540755610141433,1757015639048
1757015642.4782195,109840.0,0.00038,sell,112904407768851,1757015642074
1757015644.5046697,109841.0,0.00035,buy,848885195403088,1757015644006
1757015644.628682,109840.0,0.05466,sell,244867335559969,1757015644228
1757015644.895718,109840.0,0.0091,sell,783523447530925,1757015644543
1757015644.895718,109840.0,0.08982,sell,512734020288328,1757015644543
1757015644.895718,109840.0,0.0092,sell,46268292306964,1757015644543
1757015644.895718,109840.0,0.19581,sell,822069122710582,1757015644543
1757015644.895718,109840.0,0.00011,sell,1021114194511466,1757015644543
1757015644.895718,109840.0,0.00045,sell,772765122977069,1757015644543
1757015645.1756396,109839.0,0.00011,sell,3088114678619,1757015644691
1757015645.1756396,109838.0,0.00011,sell,915472140550953,1757015644691
1757015645.548665,109837.0,0.00011,sell,443992353783025,1757015645019
1757015645.548665,109836.0,3e-05,sell,22341895622872,1757015645019
1757015647.450843,109818.0,0.0001,buy,298608953192705,1757015647045
1757015648.5424023,109818.0,0.07131,buy,189438026290190,1757015648056
1757015651.4159951,109817.0,0.00011,sell,865619486415480,1757015651060
1757015651.4159951,109817.0,1e-05,sell,338559611065162,1757015651060
1757015652.3806324,109818.0,0.00011,buy,223938575431293,1757015652000
1757015655.695812,109818.0,0.0002,buy,469371189083505,1757015655368
1757015656.4319286,109820.0,0.0001,buy,754113995585496,1757015656012
1757015657.5040998,109820.0,0.0089,buy,610337143686780,1757015657057
1757015657.5040998,109820.0,0.00011,buy,243265966747717,1757015657057
1757015657.5040998,109821.0,0.00011,buy,799889443704661,1757015657057
1757015657.5040998,109822.0,0.00011,buy,1000191625620313,1757015657057
1757015657.5040998,109822.0,0.00034,buy,813854557429871,1757015657057
1757015660.636841,109826.0,0.00011,buy,741382368060974,1757015660173
1757015660.7089455,109827.0,0.19105,buy,746073785528720,1757015660325
1757015660.7089455,109827.0,0.00895,buy,297897886971022,1757015660325
1757015660.7089455,109827.0,0.00011,buy,334513275675356,1757015660325
1757015660.7089455,109828.0,0.00011,buy,708162203891881,1757015660325
1757015660.7089455,109829.0,0.00011,buy,916563104572540,1757015660325
1757015660.7089455,109830.0,0.00044,buy,699512340928572,1757015660325
1757015660.7089455,109830.0,0.00011,buy,1018657388399380,1757015660325
1757015660.7089455,109831.0,0.00011,buy,306299740701470,1757015660325
1757015660.7089455,109832.0,0.00011,buy,446729147628918,1757015660325
1757015660.807071,109833.0,0.00011,buy,375258825880725,1757015660394
1757015661.0299037,109834.0,0.00011,buy,286887682056568,1757015660617
1757015661.0299037,109835.0,0.00011,buy,485337010343623,1757015660617
1757015661.438994,109835.0,0.01025,sell,861364258982380,1757015661002
1757015663.579595,109842.0,0.13506,sell,125698461957861,1757015663293
1757015664.2585585,109843.0,0.00011,buy,888206902449543,1757015663603
1757015664.2585585,109843.0,0.00088,buy,789145579789034,1757015663603
1757015665.5414584,109843.0,0.00011,buy,766788155798993,1757015665054
1757015667.709306,109843.0,0.19901,buy,577735618540909,1757015667357
1757015667.709306,109844.0,0.00011,buy,289664974671395,1757015667357
1757015667.8119724,109845.0,0.00011,buy,902135554629636,1757015667482
1757015668.4730217,109845.0,0.0042,sell,583046290950984,1757015668077
1757015671.4161525,109850.0,0.08192,buy,899496674210907,1757015671039
1757015671.4161525,109850.0,0.00011,buy,222946623954560,1757015671039
1757015671.4161525,109850.0,0.2,buy,1035898512939449,1757015671039
1757015672.4432993,109850.0,0.00038,sell,670947572290111,1757015672025
1757015674.8213415,109855.0,0.00034,buy,493428313790868,1757015674027
1757015675.6676636,109854.0,0.00015,sell,257683258756362,1757015675086
1757015675.6676636,109855.0,0.0347,buy,886011360655100,1757015675086
1757015677.506335,109855.0,0.0001,buy,269746258732766,1757015677095
1757015678.5472546,109855.0,0.03075,buy,823027600238166,1757015678112
1757015678.5472546,109855.0,0.06433,buy,503947417213047,1757015678112
1757015681.225791,109855.0,0.0091,buy,265070052874407,1757015680933
1757015681.4212325,109854.0,0.00012,sell,787106448499763,1757015681003
1757015681.4212325,109855.0,0.12657,buy,17186882983515,1757015681003
1757015681.4212325,109855.0,0.00011,buy,1042506727503717,1757015681003
1757015681.4212325,109856.0,0.00011,buy,6133884959963,1757015681003
1757015681.4212325,109857.0,0.00011,buy,542425007439086,1757015681003
1757015681.4212325,109858.0,0.00011,buy,1064685195126949,1757015681003
1757015681.4212325,109859.0,0.00011,buy,315113582307935,1757015681003
1757015681.4212325,109860.0,0.00011,buy,81808234606713,1757015681003
1757015681.4212325,109861.0,0.00011,buy,250655813426680,1757015681003
1757015681.612091,109862.0,0.00011,buy,1015731724189277,1757015681055
1757015681.612091,109863.0,0.00011,buy,809770380844570,1757015681055
1757015681.612091,109864.0,0.00011,buy,593440275521191,1757015681055
1757015681.612091,109865.0,0.00018,buy,367307192518973,1757015681055
1757015681.612091,109865.0,0.00011,buy,747329135628479,1757015681055
1757015681.612091,109866.0,0.00011,buy,1024215408940611,1757015681055
1757015681.612091,109867.0,0.00011,buy,610401495840849,1757015681055
1757015681.612091,109868.0,0.00011,buy,871150529918525,1757015681055
1757015681.7559214,109869.0,0.00011,buy,456432386351627,1757015681258
1757015681.7559214,109870.0,0.00011,buy,289518391805231,1757015681316
1757015681.7559214,109871.0,0.00011,buy,1084646868649750,1757015681316
1757015681.9039602,109872.0,0.00011,buy,316115127352847,1757015681587
1757015682.6776307,109876.0,0.00011,buy,235981744100090,1757015682076
1757015682.6776307,109877.0,1e-05,buy,149284500796025,1757015682076
1757015683.2394006,109881.0,0.00346,buy,409064593938504,1757015682697
1757015683.2394006,109882.0,0.01936,buy,384761138801667,1757015682697
1757015686.6350963,109882.0,0.0001,buy,817833320816173,1757015686200
1757015687.523491,109882.0,1e-05,buy,665501963391211,1757015687005
1757015687.523491,109882.0,0.00956,buy,931533078481343,1757015687005
1757015687.9594564,109882.0,0.00013,buy,899451271804413,1757015687579
1757015689.642359,109882.0,0.2,buy,75504878781181,1757015689181
1757015691.224704,109885.0,0.1,buy,200058799082655,1757015690886
1757015691.224704,109885.0,0.00011,buy,691650975208421,1757015690886
1757015691.4816587,109885.0,0.01024,sell,170733679921713,1757015691022
1757015691.4816587,109886.0,0.00011,buy,671680199476952,1757015691022
1757015691.4816587,109887.0,0.00011,buy,620636109907575,1757015691022
1757015691.4816587,109888.0,0.00011,buy,463338317828870,1757015691022
1757015691.4816587,109889.0,0.00011,buy,91746296269616,1757015691022
1757015691.4816587,109890.0,0.00011,buy,841412454909480,1757015691022
1757015691.4816587,109891.0,0.00011,buy,314070654579111,1757015691022
1757015691.4816587,109892.0,0.00953,buy,646242119536825,1757015691022
1757015691.4816587,109892.0,0.00011,buy,145482327981629,1757015691022
1757015691.4816587,109893.0,0.00011,buy,983019112694385,1757015691022
1757015691.4816587,109893.0,0.00018,buy,136911976940880,1757015691022
1757015691.4816587,109894.0,0.00011,buy,417569025625936,1757015691022
1757015691.4816587,109895.0,0.00011,buy,777570599908722,1757015691022
1757015691.4816587,109896.0,0.00011,buy,354354249085334,1757015691022
1757015691.4816587,109897.0,0.00011,buy,972711350452590,1757015691022
1757015695.4812257,109900.0,0.0001,buy,987812127704336,1757015695048
1757015695.4812257,109900.0,1e-05,buy,952332012566501,1757015695048
1757015695.4812257,109900.0,0.0001,buy,741228694045588,1757015695048
1757015695.4812257,109900.0,0.0383,buy,11279202393063,1757015695048
1757015698.3995125,109899.0,0.0033,sell,742674126319992,1757015698028
1757015701.968798,109899.0,0.07366,sell,139864345794429,1757015701360
1757015702.594684,109899.0,0.00039,sell,719022359404042,1757015702061
1757015702.9084666,109900.0,0.00341,buy,335575653733277,1757015702530
1757015703.581933,109900.0,0.0002,buy,1010652420427282,1757015703091
1757015704.8094172,109900.0,0.00035,buy,618097992731822,1757015704092
1757015705.4651093,109899.0,0.00011,sell,101634971831511,1757015705022
1757015705.4651093,109899.0,9e-05,sell,742771421832177,1757015705022
1757015707.1839097,109900.0,0.09099,buy,882887416859604,1757015706824
1757015707.337556,109900.0,0.0001,buy,276373215581913,1757015707025
1757015707.748611,109899.0,0.0002,sell,248168579005971,1757015707384
1757015707.748611,109899.0,0.00011,sell,404555224716642,1757015707384
1757015707.748611,109898.0,0.00011,sell,174564398336235,1757015707384
1757015708.3926091,109898.0,0.05984,buy,473221444589370,1757015708005
1757015708.3926091,109893.0,0.00021,sell,39268614151989,1757015708005
1757015708.5278647,109893.0,0.0012,sell,739399802440722,1757015708139
1757015709.9229748,109892.0,0.09107,buy,98713812140496,1757015709128
1757015711.476564,109891.0,0.00011,sell,550151917689805,1757015711050
1757015711.476564,109891.0,1e-05,sell,560146581750807,1757015711050
1757015712.495371,109891.0,0.00011,buy,733669373787477,1757015712060
1757015713.3658998,109890.0,0.4109,sell,929240407490605,1757015712947
1757015713.5652962,109891.0,0.01714,buy,388283249902684,1757015713239
1757015714.2208054,109890.0,0.00028,sell,588949159419151,1757015713890
1757015716.4547434,109891.0,0.0001,buy,282677403527968,1757015716024
1757015717.5527086,109891.0,0.00957,buy,550926108058842,1757015717023
1757015719.7862113,109891.0,0.17233,buy,123277871770746,1757015719159
1757015719.7862113,109891.0,0.02767,buy,312856457839583,1757015719159
1757015720.7506104,109891.0,0.009,buy,10375899762776,1757015720337
1757015720.7506104,109891.0,0.00011,buy,1069534739734904,1757015720337
1757015720.7506104,109891.0,0.00011,buy,404825516547644,1757015720337
1757015721.8007329,109896.0,0.01024,sell,685136676587682,1757015721096
1757015722.4287424,109898.0,0.00011,buy,729100400142619,1757015722166
1757015722.4287424,109898.0,0.00141,buy,289837419575437,1757015722166
1757015722.4287424,109899.0,0.00011,buy,35688673472882,1757015722166
1757015722.4287424,109900.0,0.04837,buy,893390424488214,1757015722166
1757015723.4898932,109899.0,0.001,sell,650643430817367,1757015723179
1757015725.3529873,109900.0,0.00012,buy,543553508627798,1757015725039
1757015726.0863113,109899.0,0.03862,sell,693356954211612,1757015725648
1757015726.0863113,109899.0,0.01938,sell,252652162524517,1757015725648
1757015726.6864278,109900.0,0.15151,buy,506181647169187,1757015726231
1757015726.6864278,109900.0,0.00132,buy,967067836614155,1757015726231
1757015726.6864278,109900.0,0.0007,buy,619773848833222,1757015726231
1757015726.6864278,109900.0,0.00011,buy,760646826013395,1757015726231
1757015728.3613474,109907.0,0.00318,sell,226428653245606,1757015728016
1757015729.0075617,109908.0,0.00015,buy,1038877278487997,1757015728731
1757015730.7375283,109908.0,0.00568,buy,16293721953412,1757015730300
1757015730.7375283,109908.0,0.00011,buy,5828846590450,1757015730300
1757015730.7375283,109908.0,0.00474,buy,477953091015242,1757015730300
1757015732.4480631,109907.0,0.00038,sell,286145478174143,1757015732026
1757015733.5097694,109908.0,0.0002,buy,962348614390856,1757015733046
1757015734.4827418,109903.0,0.00035,buy,169476226611714,1757015734016
1757015734.4827418,109902.0,0.00011,sell,321632211757380,1757015734016
1757015734.4827418,109901.0,4e-05,sell,740669747103093,1757015734016
1757015734.585787,109902.0,0.00535,buy,812372023593887,1757015734193
1757015735.2794967,109901.0,0.00317,sell,649771074601146,1757015734428
1757015735.2794967,109901.0,0.00218,sell,109304631200875,1757015734428
1757015735.401636,109901.0,0.00218,sell,57016121497295,1757015734994
1757015735.6135097,109901.0,0.00018,sell,812635614882164,1757015735067
1757015735.6135097,109901.0,0.00317,sell,978457476308487,1757015735067
1757015737.3797586,109902.0,0.0001,buy,84046335009262,1757015737081
1757015738.2875402,109902.0,0.07869,buy,474779074088534,1757015738001
1757015741.5471923,109901.0,0.00012,sell,540329354915665,1757015741034
1757015741.7645001,109902.0,0.009,buy,710581490730068,1757015741393
1757015741.7645001,109902.0,0.00011,buy,842726659185429,1757015741393
1757015741.7645001,109903.0,0.0002,buy,200907493669264,1757015741393
1757015741.7645001,109903.0,0.00011,buy,523656628669114,1757015741393
1757015741.7645001,109903.0,0.0021,buy,306431001098289,1757015741393
1757015741.7645001,109904.0,0.00011,buy,602578572012459,1757015741393
1757015742.4200394,109908.0,0.00012,buy,525050918770555,1757015742045
1757015746.4555576,109908.0,0.0001,buy,733481204640077,1757015746092
1757015746.642865,109908.0,0.19484,buy,397852817715303,1757015746301
1757015746.642865,109908.0,0.00011,buy,635720488060132,1757015746301
1757015747.6390715,109909.0,0.00011,buy,70780548027304,1757015747104
1757015747.6390715,109910.0,0.00946,buy,1012741318747785,1757015747104
1757015747.8105638,109910.0,0.03755,buy,1105184316285990,1757015747464
1757015751.5060449,109909.0,0.01025,sell,879816359482413,1757015751008
1757015751.5357227,109909.0,0.00352,sell,924369900246208,1757015751209
1757015753.0037916,109910.0,0.001,buy,853248624838019,1757015752709
1757015755.6092513,109910.0,0.00011,buy,6071089869710,1757015755062
1757015756.4831698,109909.0,0.00013,sell,442035684105060,1757015756213
1757015758.4032497,109909.0,0.00442,sell,606118698498951,1757015758078
1757015762.360037,109909.0,0.00038,sell,48677287066854,1757015762010
1757015763.735621,109910.0,0.0002,buy,574670522776762,1757015763067
1757015764.3603098,109910.0,0.00035,buy,295508910258660,1757015764001
1757015765.507856,109910.0,0.01,buy,1025500982788777,1757015764481
1757015765.508379,109909.0,0.00015,sell,783610465607869,1757015765017
1757015766.022896,109910.0,0.03231,buy,860059656239504,1757015765430
1757015766.022896,109910.0,0.00011,buy,164892512940979,1757015765430
1757015766.022896,109910.0,0.18197,buy,1043906300084335,1757015765430
1757015766.022896,109910.0,0.35447,buy,734859198178659,1757015765430
1757015766.022896,109910.0,0.00329,buy,542682030642342,1757015765430
1757015766.022896,109910.0,0.18197,buy,567318982116764,1757015765430
1757015766.022896,109910.0,0.27451,buy,970564645251332,1757015765430
1757015766.022896,109910.0,0.02275,buy,313482796551273,1757015765430
1757015766.022896,109910.0,0.90973,buy,614525522515965,1757015765430
1757015766.022896,109910.0,0.17753,buy,121029573140123,1757015765430
1757015766.022896,109910.0,0.36407,buy,172911524430959,1757015765430
1757015766.022896,109910.0,0.0702,buy,1055877331349192,1757015765430
1757015766.022896,109910.0,0.0005,buy,202481600274874,1757015765430
1757015766.022896,109910.0,0.19581,buy,853937500260,1757015765430
1757015766.022896,109910.0,0.04548,buy,34189267412408,1757015765430
1757015766.022896,109910.0,0.13645,buy,678215955862064,1757015765430
1757015766.022896,109910.0,2.72916,buy,614891993063585,1757015765430
1757015766.022896,109910.0,0.01819,buy,1012188166318404,1757015765430
1757015766.022896,109910.0,0.2,buy,156716449878925,1757015765430
1757015766.022896,109911.0,0.00011,buy,852510327105676,1757015765430
1757015766.022896,109911.0,0.8794,buy,75164802477876,1757015765430
1757015766.022896,109912.0,0.00011,buy,1087038078717884,1757015765430
1757015766.022896,109912.0,0.54582,buy,623478964495000,1757015765430
1757015766.022896,109912.0,1.36456,buy,610446105516511,1757015765430
1757015766.022896,109913.0,0.00011,buy,982089848223680,1757015765430
1757015766.022896,109913.0,0.15906,buy,245385186186963,1757015765430
1757015766.022896,109913.0,0.04549,buy,886418593332634,1757015765430
1757015766.022896,109914.0,0.00011,buy,700597788792698,1757015765430
1757015766.022896,109914.0,0.04549,buy,555271372984955,1757015765430
1757015766.022896,109914.0,0.3184,buy,346766758244024,1757015765430
1757015766.022896,109915.0,0.0001,buy,593596763280774,1757015765430
1757015766.022896,109915.0,0.00011,buy,127301672413191,1757015765430
1757015766.022896,109915.0,1.50611,buy,161731221542407,1757015765430
1757015766.022896,109915.0,0.00837,buy,674582359722727,1757015765430
1757015766.022896,109916.0,0.00011,buy,781960084200885,1757015765430
1757015766.022896,109916.0,0.00022,buy,300191321393514,1757015765430
1757015766.022896,109916.0,0.02012,buy,818576384682135,1757015765430
1757015766.022896,109916.0,0.02195,buy,316799986320608,1757015765430
1757015766.022896,109916.0,2.72902,buy,566194264793522,1757015765430
1757015766.022896,109916.0,0.09099,buy,363856998573614,1757015765430
1757015766.022896,109917.0,0.00011,buy,447792538353845,1757015765430
1757015766.022896,109918.0,0.00011,buy,580605961568657,1757015765430
1757015766.022896,109918.0,0.11499,buy,115345412108007,1757015765430
1757015766.022896,109918.0,1.81932,buy,740958396962635,1757015765430
1757015766.022896,109918.0,0.00341,buy,746975895780097,1757015765430
1757015766.022896,109919.0,0.00011,buy,462421317791183,1757015765430
1757015766.022896,109919.0,0.14413,buy,113948393299581,1757015765430
1757015766.022896,109919.0,0.00341,buy,1034637433262437,1757015765430
1757015766.022896,109919.0,0.06886,buy,375404260193396,1757015765430
1757015766.022896,109920.0,0.00011,buy,774011113497644,1757015765430
1757015766.022896,109920.0,0.00341,buy,64909008544676,1757015765430
1757015766.022896,109921.0,0.00011,buy,785165245863301,1757015765430
1757015766.022896,109921.0,0.00018,buy,436355627411332,1757015765430
1757015766.022896,109921.0,0.00016,buy,302915771928723,1757015765430
1757015766.022896,109921.0,0.00341,buy,971624406767580,1757015765430
1757015766.022896,109921.0,0.8329,buy,672956773226690,1757015765430
1757015766.022896,109922.0,0.00011,buy,902622132026784,1757015765430
1757015766.022896,109922.0,0.00341,buy,527138155254504,1757015765430
1757015766.022896,109922.0,1.11699,buy,379063357693223,1757015765430
1757015766.022896,109923.0,0.00011,buy,173364456644322,1757015765430
1757015766.022896,109923.0,0.00341,buy,912095944687964,1757015765430
1757015766.022896,109924.0,0.00011,buy,461994649990334,1757015765430
1757015766.022896,109924.0,0.00341,buy,604528844635399,1757015765430
1757015766.022896,109924.0,0.31837,buy,241718783646561,1757015765430
1757015766.022896,109924.0,0.333,buy,823583744248115,1757015765430
1757015766.022896,109924.0,0.06368,buy,777934272156713,1757015765430
1757015766.022896,109925.0,0.00011,buy,855086036926964,1757015765430
1757015766.022896,109925.0,0.00217,buy,232439861960812,1757015765430
1757015766.022896,109925.0,0.00341,buy,766049196145873,1757015765430
1757015766.022896,109925.0,0.00762,buy,912512394136913,1757015765430
1757015766.022896,109925.0,0.92043,buy,907613523658,1757015765430
1757015766.022896,109926.0,0.00011,buy,334735411496081,1757015765430
1757015766.022896,109926.0,0.00341,buy,877741730197027,1757015765430
1757015766.022896,109926.0,0.2704,buy,53695516145041,1757015765430
1757015766.022896,109926.0,2.08862,buy,873032253333477,1757015765430
1757015766.022896,109926.0,0.34758,buy,875392723501639,1757015765430
1757015766.022896,109926.0,0.50664,buy,108649575295762,1757015765430
1757015766.022896,109927.0,0.00011,buy,223958200919043,1757015765430
1757015766.022896,109927.0,0.03622,buy,842855840749813,1757015765430
1757015766.022896,109927.0,0.13247,buy,755764554866673,1757015765430
1757015766.022896,109927.0,0.54575,buy,495535630990096,1757015765430
1757015766.022896,109927.0,0.54575,buy,425351829956795,1757015765430
1757015766.022896,109927.0,0.00341,buy,292478339796150,1757015765430
1757015766.022896,109927.0,0.09099,buy,16063887590574,1757015765430
1757015766.022896,109928.0,0.00011,buy,556864832085170,1757015765430
1757015766.022896,109928.0,0.13643,buy,1110615904650505,1757015765430
1757015766.022896,109928.0,0.00341,buy,317083164148659,1757015765430
1757015766.022896,109929.0,0.00011,buy,882820679770899,1757015765430
1757015766.022896,109929.0,0.00341,buy,644145005866107,1757015765430
1757015766.022896,109929.0,0.333,buy,1051679407189140,1757015765430
1757015766.022896,109929.0,0.54674,buy,416459305753691,1757015765430
1757015767.4055626,109919.0,0.0001,buy,1068935154360970,1757015767047
1757015768.2347922,109909.0,0.00044,sell,380597259128659,1757015767829
1757015768.2726135,109909.0,0.00044,sell,668324850393288,1757015767944
1757015768.4099023,109910.0,0.0513,buy,426930335276807,1757015768023
1757015768.4099023,109910.0,0.0487,buy,305689476022936,1757015768023
1757015771.0210307,109910.0,0.07779,buy,34600227145091,1757015770707
1757015771.3438306,109909.0,0.00012,sell,43188949211230,1757015771037
1757015771.7612243,109910.0,0.08534,buy,634955165263606,1757015771543
1757015772.4622476,109910.0,0.00012,buy,29885209110677,1757015772049
1757015773.532355,109910.0,0.009,buy,615518966044305,1757015773097
1757015773.532355,109910.0,0.00011,buy,1045806971032097,1757015773097
1757015773.532355,109911.0,0.00011,buy,468480588844601,1757015773097
1757015775.9354806,109919.0,0.001,sell,868632940802585,1757015774979
1757015776.444225,109920.0,0.0001,buy,802390053772324,1757015776005
1757015777.296936,109920.0,0.03294,buy,577859080658782,1757015776948
1757015777.4071555,109920.0,0.00318,buy,702052484170878,1757015777020
1757015777.4071555,109920.0,0.00639,buy,876403735006616,1757015777020
1757015779.4879029,109920.0,0.00011,buy,561713186515272,1757015778865
1757015779.4879029,109920.0,0.00898,buy,538238681755580,1757015778865
1757015781.500105,109919.0,0.01024,sell,8009338031256,1757015781070
1757015781.562891,109920.0,0.00268,buy,763251281267666,1757015781177
1757015783.220255,109920.0,0.001,buy,540464541548478,1757015782931
1757015785.8621194,109920.0,0.00011,buy,939181694985814,1757015785035
1757015788.3620098,109923.0,0.00275,sell,752447680278977,1757015788014
1757015791.6385093,109923.0,0.00217,sell,480043572428801,1757015791207
1757015791.6385093,109923.0,0.0004,sell,584010462310201,1757015791207
1757015791.6385093,109923.0,0.00011,sell,260613358797388,1757015791207
1757015791.6385093,109922.0,0.0021,sell,911953488898826,1757015791207
1757015791.6385093,109922.0,0.00011,sell,888435377543173,1757015791207
1757015791.6385093,109921.0,0.00011,sell,919210651828011,1757015791207
1757015791.6385093,109920.0,0.00065,sell,304276808484920,1757015791207
1757015791.6385093,109920.0,0.00011,sell,263891961120960,1757015791207
1757015791.6385093,109919.0,0.00011,sell,820115534288206,1757015791207
1757015791.6385093,109917.0,0.00011,sell,950494268684863,1757015791207
1757015791.6385093,109916.0,0.00011,sell,512608460022802,1757015791207
1757015791.6385093,109915.0,0.00011,sell,229573251415590,1757015791207
1757015791.6385093,109914.0,0.00011,sell,728829520524800,1757015791207
1757015791.6385093,109913.0,0.00011,sell,1062141946357374,1757015791207
1757015791.6385093,109912.0,0.00011,sell,1035493269908941,1757015791207
1757015791.6385093,109911.0,0.00011,sell,274820469690818,1757015791207
1757015791.6385093,109910.0,0.00011,sell,419062238460251,1757015791207
1757015791.6385093,109909.0,0.04696,sell,811244978073602,1757015791207
1757015792.280442,109910.0,0.00082,buy,167222971393466,1757015791833
1757015792.471312,109909.0,0.00039,sell,939261521710206,1757015792036
1757015792.8689046,109909.0,0.00092,sell,340889644062520,1757015792386
1757015793.4239063,109909.0,0.17261,sell,506550238617508,1757015792983
1757015793.4239063,109909.0,0.00011,sell,221780782787584,1757015792983
1757015793.4239063,109907.0,0.09804,sell,772770391415358,1757015792983
1757015793.4239063,109907.0,0.00011,sell,551045100511777,1757015792983
1757015793.4239063,109906.0,0.00011,sell,814755495780649,1757015792983
1757015793.4239063,109905.0,0.00011,sell,1006874760673323,1757015792983
1757015793.4239063,109904.0,0.00011,sell,420660381549067,1757015792983
1757015793.4239063,109903.0,0.00011,sell,316273089925440,1757015792983
1757015793.4239063,109902.0,0.00011,sell,435105504251386,1757015792983
1757015793.4239063,109902.0,0.01386,sell,983534719646711,1757015792983
1757015793.4239063,109901.0,0.00011,sell,371789280895178,1757015792983
1757015793.4239063,109900.0,0.00011,sell,393719487213850,1757015792983
1757015793.4239063,109899.0,0.00011,sell,1078578726006757,1757015792983
1757015793.4239063,109898.0,0.00011,sell,1078890902732950,1757015792983
1757015793.4239063,109897.0,0.00011,sell,1095568001058599,1757015792983
1757015793.4239063,109896.0,0.00011,sell,815567487884066,1757015792983
1757015793.4239063,109895.0,0.00011,sell,943675177674888,1757015792983
1757015793.4239063,109894.0,0.00011,sell,825684344991400,1757015792983
1757015793.4239063,109893.0,0.00011,sell,954766856640066,1757015792983
1757015793.4239063,109892.0,0.00011,sell,339719243008497,1757015792983
1757015793.4239063,109891.0,0.00011,sell,408037545033438,1757015792983
1757015793.4239063,109890.0,0.00011,sell,45599056561388,1757015792983
1757015793.4239063,109889.0,0.00011,sell,186020951699738,1757015792983
1757015793.4239063,109889.0,0.01186,sell,945318171474595,1757015792983
1757015793.4244268,109910.0,0.00021,buy,709859495346380,1757015793026
1757015794.1679072,109887.0,0.00011,sell,520382677927528,1757015793741
1757015794.1679072,109887.0,0.00217,sell,133628689231387,1757015793741
1757015794.1679072,109886.0,0.00011,sell,703650132682876,1757015793741
1757015794.1679072,109885.0,0.00011,sell,969141559491194,1757015793741
1757015794.1679072,109885.0,0.03622,sell,439367674371314,1757015793741
1757015794.1679072,109884.0,0.00011,sell,635868030351047,1757015793741
1757015794.1679072,109883.0,0.00011,sell,354341949459688,1757015793741
1757015794.1679072,109882.0,0.00011,sell,564262979146583,1757015793741
1757015794.1679072,109881.0,0.00011,sell,668714419365351,1757015793741
1757015794.1679072,109880.0,0.00924,sell,1005597347494644,1757015793741
1757015794.1679072,109880.0,0.00011,sell,59792662582405,1757015793741
1757015794.1679072,109879.0,0.00011,sell,304423442355616,1757015793741
1757015794.1679072,109879.0,0.05566,sell,827894743700669,1757015793741
1757015794.480726,109880.0,0.00034,buy,470415197849305,1757015794034
1757015795.7474804,109879.0,0.00017,sell,183201458075069,1757015795055
1757015796.933444,109880.0,0.04909,buy,447755864014125,1757015796428
1757015797.3715055,109880.0,0.0001,buy,523845517173081,1757015797033
1757015798.48256,109880.0,0.0836,buy,1036362226394917,1757015798065
1757015801.379112,109879.0,0.00012,sell,442649030875086,1757015801013
1757015802.4935477,109880.0,0.00011,buy,333711595303955,1757015802020
1757015804.5559046,109879.0,0.091,sell,713445651233603,1757015804269
1757015806.4285157,109880.0,0.0001,buy,992528659402484,1757015806046
1757015807.4673145,109880.0,0.00957,buy,697623616742655,1757015807065
1757015807.5082128,109879.0,0.04909,sell,751423416648510,1757015807140
1757015809.4115448,109880.0,0.00957,buy,693747918138535,1757015808981
1757015811.5387552,109879.0,0.01024,sell,16137712122175,1757015811050
1757015811.8779073,109880.0,0.05789,buy,1083248437896292,1757015811592
1757015812.6224725,109879.0,0.21316,sell,937267963711138,1757015812322
1757015813.3066683,109879.0,0.00011,sell,404303209041900,1757015812871
1757015813.3066683,109878.0,0.00011,sell,712376908271203,1757015812871
1757015813.3066683,109877.0,0.00011,sell,250390382597786,1757015812871
1757015813.3066683,109876.0,0.00011,sell,955079360711333,1757015812871
1757015813.3066683,109875.0,0.00056,sell,35117318529262,1757015812871
1757015813.8707392,109875.0,0.09944,sell,702747457126372,1757015813332
1757015813.8707392,109875.0,0.00011,sell,825495876148569,1757015813332
1757015813.8707392,109874.0,0.00011,sell,6002395011746,1757015813332
1757015813.8707392,109873.0,0.00011,sell,297816764410676,1757015813332
1757015813.8707392,109872.0,0.00011,sell,901532760117742,1757015813332
1757015813.8707392,109871.0,0.00011,sell,1093926722911224,1757015813332
1757015813.8707392,109871.0,0.00341,sell,953775519097021,1757015813332
1757015813.8707392,109870.0,0.00011,sell,171999700149441,1757015813332
1757015813.8707392,109870.0,0.00341,sell,387030586349797,1757015813332
1757015813.8707392,109869.0,0.00011,sell,853610809935068,1757015813332
1757015813.8707392,109869.0,0.00018,sell,196183199604050,1757015813332
1757015813.8707392,109868.0,0.00011,sell,906867200127510,1757015813332
1757015813.8707392,109867.0,0.00011,sell,14745502109676,1757015813332
1757015813.8707392,109866.0,0.00011,sell,228790758530612,1757015813332
1757015813.8707392,109865.0,0.02282,sell,260347869415250,1757015813332
1757015813.8707392,109865.0,0.00011,sell,194622168398603,1757015813332
1757015813.8707392,109864.0,0.00011,sell,1045942922920944,1757015813332
1757015813.8707392,109863.0,0.00018,sell,66422529976414,1757015813332
1757015813.8707392,109863.0,0.00011,sell,257212930118673,1757015813332
1757015813.8707392,109862.0,0.00011,sell,357291558841753,1757015813332
1757015813.8707392,109861.0,0.00011,sell,799679458236890,1757015813332
1757015813.8707392,109860.0,0.00011,sell,331366709035242,1757015813332
1757015813.8707392,109859.0,0.00346,sell,780562041828545,1757015813332
1757015813.8707392,109859.0,0.00011,sell,407608996974994,1757015813332
1757015813.8707392,109858.0,0.00011,sell,790585040141015,1757015813332
1757015813.8707392,109857.0,0.00011,sell,522226552588382,1757015813332
1757015813.8707392,109856.0,0.00011,sell,221548035214181,1757015813332
1757015813.8707392,109855.0,0.01422,sell,1070202628962883,1757015813332
1757015813.8707392,109855.0,0.03646,sell,292772862935030,1757015813332
1757015813.8707392,109855.0,0.00011,sell,281211458096658,1757015813332
1757015813.8707392,109854.0,0.00011,sell,512936992889188,1757015813332
1757015813.8707392,109853.0,0.00011,sell,29695258660097,1757015813332
1757015813.8707392,109852.0,0.00011,sell,1109333649126922,1757015813332
1757015813.8707392,109852.0,0.0041,sell,1061099574887345,1757015813332
1757015813.8707392,109852.0,0.041,sell,492885323005280,1757015813332
1757015813.8707392,109852.0,0.041,sell,716733846747157,1757015813332
1757015813.8707392,109852.0,0.00489,sell,833264397768561,1757015813332
1757015813.8707392,109851.0,0.00011,sell,771232506922634,1757015813332
1757015813.8707392,109851.0,0.00341,sell,61992058262760,1757015813332
1757015813.8707392,109850.0,0.00011,sell,657500158219893,1757015813332
1757015813.8707392,109850.0,0.00341,sell,167260646501637,1757015813332
1757015813.8707392,109849.0,0.00045,sell,617217605738060,1757015813332
1757015813.8707392,109849.0,0.00341,sell,437078524703834,1757015813332
1757015813.8707392,109848.0,0.00341,sell,414119429664942,1757015813332
1757015813.8707392,109847.0,0.00341,sell,157304699776782,1757015813332
1757015813.8707392,109846.0,0.00341,sell,1024878660676588,1757015813332
1757015813.8707392,109845.0,0.00341,sell,446521245496631,1757015813332
1757015813.8707392,109844.0,0.00341,sell,311734714889962,1757015813332
1757015813.8707392,109844.0,0.00816,sell,69149739576499,1757015813332
1757015813.8707392,109844.0,0.041,sell,356626320710864,1757015813332
1757015813.8707392,109844.0,0.041,sell,199287857674661,1757015813332
1757015814.0415523,109844.0,0.041,sell,587824095419864,1757015813483
1757015814.0446882,109849.0,0.00011,sell,336625928622996,1757015813571
1757015814.0446882,109848.0,0.00011,sell,647697682110720,1757015813571
1757015814.0446882,109846.0,0.00011,sell,1003602561311240,1757015813571
1757015814.0446882,109844.0,0.00011,sell,727892294115982,1757015813571
1757015814.0446882,109843.0,0.00018,sell,880518140923945,1757015813571
1757015814.0446882,109843.0,0.02282,sell,297183369354851,1757015813571
1757015814.0446882,109843.0,0.00341,sell,845433592156465,1757015813571
1757015814.0446882,109843.0,0.00011,sell,204526068004960,1757015813571
1757015814.0446882,109842.0,0.00341,sell,869620572109579,1757015813571
1757015814.0446882,109842.0,0.00011,sell,668066459487014,1757015813571
1757015814.0446882,109842.0,0.00452,sell,1006841451311953,1757015813571
1757015814.0446882,109842.0,0.03,sell,363454569341230,1757015813571
1757015814.0446882,109842.0,0.008,sell,347674480183472,1757015813571
1757015814.0446882,109842.0,0.041,sell,703467249509317,1757015813571
1757015814.0446882,109842.0,0.014,sell,1089569017489144,1757015813571
1757015814.0446882,109842.0,0.012,sell,313174470165671,1757015813571
1757015814.107933,109842.0,0.009,sell,723194367981368,1757015813681
1757015814.107933,109842.0,0.041,sell,656303269673632,1757015813681
1757015814.107933,109842.0,0.0519,sell,462469131723382,1757015813681
1757015814.2611098,109841.0,0.00011,sell,816628085613795,1757015813878
1757015814.2611098,109840.0,0.00989,sell,310398946835122,1757015813878
1757015814.2611098,109840.0,0.022,sell,435826906416514,1757015813878
1757015814.2611098,109840.0,0.0018,sell,265039557496371,1757015813878
1757015814.2611098,109840.0,0.00253,sell,417650206408971,1757015813878
1757015814.2611098,109840.0,0.00011,sell,599994710155803,1757015813878
1757015814.2611098,109840.0,0.00336,sell,788628472714562,1757015813878
1757015814.2611098,109840.0,0.009,sell,604943000601663,1757015813878
1757015814.3664143,109840.0,0.015,sell,1097482829046833,1757015813986
1757015814.742216,109840.0,0.00727,sell,149668876876386,1757015814291
1757015814.9371505,109839.0,0.00455,sell,73016706395027,1757015814593
1757015814.9371505,109839.0,0.00011,sell,973598634142313,1757015814593
1757015814.9371505,109838.0,0.00011,sell,703135392222545,1757015814593
1757015814.9371505,109837.0,0.00011,sell,224495310364973,1757015814593
1757015814.9371505,109837.0,0.00789,sell,40402501808770,1757015814593
1757015816.1216843,109838.0,0.00011,buy,82868240104714,1757015815099
1757015816.3568227,109837.0,0.20545,buy,890307466111576,1757015815672
1757015818.5420756,109836.0,0.00011,sell,1030948245385013,1757015818070
1757015818.5420756,109836.0,0.00409,sell,819514392350367,1757015818070
1757015822.5650134,109836.0,0.00011,sell,46702042539327,1757015822048
1757015822.5650134,109835.0,0.00011,sell,831301924932639,1757015822048
1757015822.5650134,109834.0,0.00011,sell,22284596631842,1757015822048
1757015822.5650134,109833.0,5e-05,sell,86915174350294,1757015822048
1757015823.522826,109833.0,0.0002,buy,495726710415653,1757015823067
1757015824.4726553,109831.0,0.00035,buy,961685241355762,1757015824074
1757015825.4114234,109830.0,0.00016,sell,706869702045579,1757015825088
1757015826.0650444,109830.0,0.01,sell,1028031650593908,1757015825593
1757015827.473862,109831.0,0.0001,buy,603830178133928,1757015827004
1757015828.4463525,109831.0,0.0002,buy,374619139317843,1757015828017
1757015828.4463525,109831.0,0.009,buy,353838518029463,1757015828017
1757015828.4463525,109831.0,0.00836,buy,66096033189781,1757015828017
1757015828.4463525,109831.0,0.05785,buy,142923146085713,1757015828017
1757015829.0471485,109831.0,0.00011,buy,694038466770767,1757015828549
1757015829.0471485,109831.0,0.00025,buy,735698088261488,1757015828549
1757015829.0471485,109832.0,0.00011,buy,1070579492197951,1757015828549
1757015829.0471485,109833.0,0.00011,buy,222289762248210,1757015828549
1757015829.0471485,109834.0,0.00011,buy,145325097014190,1757015828549
1757015829.0471485,109834.0,0.00011,buy,725794224081811,1757015828549
1757015829.0471485,109835.0,0.00011,buy,106803154770104,1757015828549
1757015829.0471485,109836.0,0.00011,buy,966469490918835,1757015828549
1757015829.0471485,109837.0,0.00353,buy,475385195199332,1757015828549
1757015830.9785075,109837.0,0.01473,buy,662474048984899,1757015830204
1757015831.5759344,109836.0,0.00012,sell,300902455568292,1757015831066
1757015832.5733638,109837.0,0.00012,buy,598516450367155,1757015832073
1757015836.3661058,109836.0,0.00476,sell,327122134664016,1757015835859
1757015836.7872972,109837.0,0.09096,buy,488925758243639,1757015836264
1757015837.4833107,109837.0,0.00957,buy,578631710537130,1757015837052
1757015841.5853083,109836.0,0.01025,sell,996571268300533,1757015841000
1757015842.4614737,109837.0,0.00017,buy,196309977656298,1757015842147
1757015845.0683227,109836.0,0.00101,sell,911406893605387,1757015844785
1757015845.4629865,109837.0,0.00011,buy,912508536584472,1757015845047
1757015848.3967402,109836.0,0.00279,sell,164222023852124,1757015848007
1757015849.183109,109836.0,0.00101,sell,337431456227067,1757015848788
1757015849.8909574,109837.0,0.00411,buy,872579405481667,1757015849521
1757015850.164115,109837.0,0.0041,buy,710825377629466,1757015849799
1757015852.4077342,109836.0,0.00038,sell,110581133654932,1757015852030
1757015853.4096801,109837.0,0.0002,buy,185756517638106,1757015853041
1757015853.7042394,109836.0,0.00101,sell,278048186889701,1757015853350
1757015854.4685936,109837.0,0.00035,buy,764863757440929,1757015854053
1757015855.0619712,109837.0,0.03636,buy,1035903422975564,1757015854790
1757015855.4085004,109836.0,0.00018,sell,1029042247516290,1757015855048
1757015856.5764916,109837.0,0.00033,buy,648275516060222,1757015856272
1757015857.2437437,109836.0,0.00101,sell,662919822603776,1757015856837
1757015857.5077648,109837.0,0.0001,buy,511763720604946,1757015857065
1757015858.0224936,109836.0,0.00011,sell,1104390364843926,1757015857635
1757015858.0224936,109836.0,0.00352,sell,981798030851586,1757015857635
1757015858.0224936,109835.0,0.00011,sell,1078776205615356,1757015857635
1757015858.0224936,109834.0,0.00011,sell,263163445156982,1757015857635
1757015858.0224936,109833.0,0.00011,sell,905369788704786,1757015857635
1757015858.0224936,109832.0,0.00011,sell,1028472475919049,1757015857635
1757015858.0224936,109831.0,0.00011,sell,207355962493334,1757015857635
1757015858.0224936,109831.0,0.1779,sell,112481903115373,1757015857635
1757015858.5193613,109832.0,0.07869,buy,978211609915219,1757015858013
1757015861.469057,109831.0,0.00012,sell,84269488964004,1757015861061
1757015862.403346,109832.0,0.00011,buy,965771952722111,1757015862012
1757015863.2748663,109831.0,0.00101,sell,4464349604092,1757015862922
1757015866.4445367,109837.0,0.0001,buy,1081690852584572,1757015866055
1757015866.7975335,109836.0,0.00101,sell,922738793554757,1757015866450
1757015866.9430516,109836.0,0.09846,sell,488761340870080,1757015866646
1757015867.4464753,109837.0,0.00957,buy,330948989323720,1757015867047
1757015867.4464753,109837.0,0.00033,buy,792887667161806,1757015867100
1757015871.5235374,109836.0,0.00011,sell,353740476426183,1757015871059
1757015871.5235374,109835.0,0.01013,sell,876558830246201,1757015871059
1757015871.6153395,109835.0,0.04471,sell,487106891009346,1757015871232
1757015871.6153395,109835.0,0.00011,sell,378265203349605,1757015871232
1757015871.6153395,109826.0,0.00011,sell,238047035154297,1757015871232
1757015871.6153395,109825.0,0.00011,sell,885332465034578,1757015871232
1757015871.6153395,109824.0,0.00011,sell,320335529350494,1757015871232
1757015871.6153395,109823.0,0.00011,sell,486968213807694,1757015871232
1757015871.6153395,109822.0,0.00011,sell,864620782613585,1757015871232
1757015871.6153395,109822.0,0.00929,sell,299828832369441,1757015871232
1757015873.0525353,109822.0,0.001,sell,510865124013817,1757015872806
1757015875.396272,109823.0,0.00012,buy,951628256500847,1757015875056
1757015875.396272,109822.0,0.00102,sell,654230822573481,1757015875056
1757015877.5948443,109822.0,0.00194,sell,562480813110483,1757015877313
1757015878.4548843,109822.0,0.00402,sell,992056737356693,1757015878058
1757015880.5774255,109822.0,0.00101,sell,381871619898805,1757015880148
1757015882.8401196,109822.0,0.00039,sell,925632610290317,1757015882001
1757015883.8803618,109823.0,0.0002,buy,180886302160627,1757015883110
1757015883.8803618,109822.0,0.0265,sell,821067150451413,1757015883110
1757015883.8808687,109823.0,0.2,buy,331870275171031,1757015883392
1757015883.8808687,109823.0,0.00011,buy,106550325721295,1757015883392
1757015883.8808687,109823.0,0.00011,buy,263558922345954,1757015883392
1757015883.8808687,109823.0,0.0002,buy,536249912003657,1757015883392
1757015883.9008157,109823.0,0.0239,buy,815530228140366,1757015883446
1757015883.9622638,109823.0,0.0238,buy,1210981511355,1757015883502
1757015884.4844494,109823.0,0.00034,buy,119753085944205,1757015884077
1757015885.4180741,109822.0,0.00016,sell,592961276216353,1757015885044
1757015885.581241,109823.0,0.2,buy,680904031513814,1757015885205
1757015885.581241,109823.0,0.00011,buy,536114866859752,1757015885205
