timestamp,price,size,side,trade_id,exchange_timestamp
1757015216.8725393,202.16,8.1,sell,211435548420145,1757015200805
1757015216.8725393,202.16,42.96,sell,953907372864858,1757015200805
1757015216.8725393,202.16,81.33,sell,171086954076648,1757015200805
1757015216.8725393,202.16,0.12,buy,782438743023005,1757015203155
1757015216.8725393,202.15,1.4,sell,225883930349581,1757015203782
1757015216.8725393,202.15,4.8,sell,125535581230880,1757015204762
1757015216.8725393,202.15,1.0,sell,31488011980061,1757015204762
1757015216.8725393,202.15,1.33,sell,520200082056552,1757015204762
1757015216.8725393,202.15,19.58,sell,390629902011693,1757015204762
1757015216.8725393,202.15,30.06,sell,666777491296508,1757015204762
1757015216.8725393,202.15,44.18,sell,1008112962743483,1757015204762
1757015216.8725393,202.15,57.92,sell,814776027203508,1757015204762
1757015216.8725393,202.15,907.6,sell,217177335341885,1757015205169
1757015216.8725393,202.15,0.5,sell,602565458139597,1757015205169
1757015216.8725393,202.15,6.67,sell,791010224060137,1757015205169
1757015216.8725393,202.15,98.93,sell,500965858950320,1757015205169
1757015216.8725393,202.15,77.19,sell,822351349185511,1757015205169
1757015216.8725393,202.15,388.35,sell,775214437047165,1757015205169
1757015216.8725393,202.16,0.25,buy,9000852827356,1757015207181
1757015216.8725393,202.16,5.76,buy,837884608070897,1757015207181
1757015216.8725393,202.18,0.08,sell,761543355189178,1757015207967
1757015216.8725393,202.18,1.63,sell,98068083196263,1757015207967
1757015216.8725393,202.19,6.11,buy,826877466868272,1757015210685
1757015216.8725393,202.19,6.67,buy,907090350862299,1757015210685
1757015216.8725393,202.21,1.3,sell,894658163523138,1757015212167
1757015216.8725393,202.21,1.2,sell,281658078023783,1757015212823
1757015216.8725393,202.21,0.18,sell,35570748465856,1757015213030
1757015216.8725393,202.22,2.75,sell,385698762257775,1757015214967
1757015216.8725393,202.22,0.35,sell,224501099292098,1757015214967
1757015216.8725393,202.22,0.06,sell,1086330144560509,1757015216006
1757015219.5125387,202.23,0.05,buy,56069322043134,1757015219086
1757015219.5831714,202.22,25.0,sell,1013336287592212,1757015219286
1757015219.5831714,202.23,0.22,buy,171845638222609,1757015219286
1757015219.9688115,202.23,0.22,buy,549818495153394,1757015219390
1757015221.1764343,202.23,9.51,buy,973679425782135,1757015220780
1757015223.6696715,202.3,0.54,buy,187888170792571,1757015223351
1757015224.387097,202.33,0.06,sell,220629872200804,1757015224030
1757015224.387097,202.33,0.06,sell,172360296912471,1757015224030
1757015225.6763365,202.35,0.4,buy,667304777375988,1757015225078
1757015227.4803355,202.35,44.6,buy,736324705467666,1757015227037
1757015227.4803355,202.35,1.14,buy,607325455576442,1757015227037
1757015227.7042727,202.4,7.55,buy,443904307369907,1757015227366
1757015227.7042727,202.4,4.8,buy,983874928183076,1757015227366
1757015231.2556345,202.4,25.0,buy,572857903894489,1757015230923
1757015231.2556345,202.4,4.07,buy,1035552824897703,1757015230923
1757015232.674548,202.4,148.61,buy,715401922222660,1757015232342
1757015232.8313954,202.39,35.0,sell,690242860346311,1757015232496
1757015232.8313954,202.39,35.0,sell,863395119483430,1757015232496
1757015232.8313954,202.39,10.5,sell,48037802939306,1757015232496
1757015232.8313954,202.39,0.55,sell,112675625115113,1757015232496
1757015232.8313954,202.36,20.0,sell,1048306952725695,1757015232496
1757015232.8313954,202.36,20.5,sell,258044200686100,1757015232496
1757015232.8313954,202.36,56.48,sell,895477388713131,1757015232496
1757015232.8313954,202.36,122.53,sell,629601904303954,1757015232496
1757015232.8313954,202.35,9.88,sell,981487584933555,1757015232496
1757015232.8313954,202.35,9.88,sell,292372609937169,1757015232496
1757015232.8313954,202.35,9.88,sell,382936951259340,1757015232496
1757015232.8313954,202.35,7.6,sell,78412528195051,1757015232496
1757015232.8313954,202.35,19.29,sell,172333119395824,1757015232496
1757015232.8313954,202.35,38.9,sell,319923480248084,1757015232496
1757015232.8313954,202.35,49.06,sell,824355774412235,1757015232496
1757015233.4015443,202.36,24.84,buy,284803004189522,1757015233111
1757015234.402075,202.36,1.85,buy,1075748822632930,1757015234043
1757015234.402075,202.36,1.21,buy,1125638789527383,1757015234043
1757015234.551334,202.36,1.18,buy,253556456727848,1757015234244
1757015234.551334,202.36,1.88,buy,949754206974898,1757015234244
1757015236.2071185,202.36,0.09,buy,763237282891422,1757015235922
1757015236.2071185,202.36,0.21,buy,596844665597951,1757015235922
1757015237.403525,202.37,0.06,buy,1070909493453005,1757015237115
1757015237.5230296,202.37,4.94,buy,935438926359739,1757015237191
1757015240.8667367,202.43,0.74,buy,240737378517405,1757015240267
1757015243.5048227,202.43,19.77,buy,163529378101882,1757015243072
1757015246.531731,202.42,0.06,sell,915002010619102,1757015246135
1757015249.3463304,202.48,0.05,buy,957450919280667,1757015249014
1757015254.5520341,202.5,0.06,sell,336170175139333,1757015254161
1757015254.5520341,202.5,0.06,sell,1666161357324,1757015254161
1757015254.8134625,202.51,45.71,buy,632148547772856,1757015254433
1757015255.763003,202.51,0.48,buy,573623188280760,1757015254859
1757015256.8349214,202.51,2.08,buy,808641048311801,1757015256435
1757015256.8349214,202.51,0.43,buy,1082960657917303,1757015256435
1757015257.907381,202.49,1.14,sell,764705166313849,1757015257561
1757015259.6845312,202.41,1.4,sell,661828587638993,1757015259315
1757015260.799252,202.42,3.76,buy,612138305839976,1757015260450
1757015270.8933396,202.41,0.14,sell,157315548139761,1757015270556
1757015270.8933396,202.41,2.11,sell,467369777465052,1757015270556
1757015276.4086463,202.44,0.06,sell,709490258193547,1757015276021
1757015279.4403667,202.47,0.05,buy,1072699818976792,1757015279036
1757015282.7370443,202.48,1.48,buy,1102129848925850,1757015282259
1757015282.7370443,202.5,13.43,buy,218528465882028,1757015282259
1757015282.7370443,202.5,6.21,buy,544893617424451,1757015282259
1757015282.7370443,202.5,12.0,buy,739530640584444,1757015282259
1757015282.7370443,202.5,5.95,buy,10274974260055,1757015282259
1757015282.7370443,202.5,19.29,buy,714560573476611,1757015282259
1757015282.7370443,202.52,191.65,buy,152083278871849,1757015282259
1757015282.7370443,202.52,12.71,buy,135750909144500,1757015282259
1757015282.7370443,202.52,1.47,buy,393385948155231,1757015282259
1757015282.7370443,202.52,1.38,buy,91158084683741,1757015282259
1757015282.7370443,202.52,9.87,buy,390539071108811,1757015282259
1757015282.7370443,202.53,170.3,buy,746823948309232,1757015282259
1757015282.7370443,202.53,37.06,buy,673014392815764,1757015282259
1757015282.7370443,202.54,7.3,buy,324113523718350,1757015282259
1757015282.7370443,202.54,77.15,buy,463787059039396,1757015282259
1757015282.7370443,202.54,7.37,buy,470518174063171,1757015282259
1757015282.7370443,202.54,31.81,buy,770551717410740,1757015282259
1757015282.7370443,202.54,482.31,buy,169074192859352,1757015282259
1757015282.7370443,202.54,13.65,buy,285939526828601,1757015282259
1757015282.7370443,202.54,29.62,buy,51209929851449,1757015282259
1757015282.7370443,202.55,70.81,buy,153816632516291,1757015282259
1757015282.7370443,202.55,59.87,buy,977975547464760,1757015282259
1757015282.7370443,202.55,30.64,buy,461161098731808,1757015282259
1757015282.7370443,202.55,17.11,buy,355932853418782,1757015282259
1757015282.7370443,202.55,14.81,buy,283173448302553,1757015282259
1757015282.7370443,202.55,48.62,buy,256773547724501,1757015282259
1757015282.7370443,202.55,246.85,buy,485007527319088,1757015282259
1757015282.7370443,202.55,52.94,buy,497010862138376,1757015282259
1757015282.7370443,202.55,109.45,buy,961366033031581,1757015282259
1757015282.7370443,202.55,216.89,buy,45425641704948,1757015282259
1757015284.3711934,202.54,0.06,sell,339570045015972,1757015284000
1757015284.986077,202.54,0.19,sell,189922219546236,1757015284693
1757015286.010446,202.54,0.38,sell,801427987792649,1757015285498
1757015286.6743221,202.55,7.44,buy,1064894028991136,1757015286284
1757015288.719351,202.59,0.23,buy,1097571760443930,1757015288256
1757015288.719351,202.59,0.23,buy,549201342402576,1757015288256
1757015288.719351,202.59,0.23,buy,710611879545021,1757015288256
1757015288.719351,202.59,0.23,buy,222145691330764,1757015288256
1757015289.671962,202.59,7.16,buy,1070651535608675,1757015289169
1757015289.671962,202.59,0.66,buy,664499681012766,1757015289169
1757015289.671962,202.6,50.12,buy,1022438976129821,1757015289169
1757015290.507145,202.62,0.1,buy,348622835686229,1757015290074
1757015292.9981017,202.63,49.36,sell,166241856287239,1757015292703
1757015296.3994396,202.63,0.5,sell,265207654257107,1757015295660
1757015298.0203216,202.53,49.35,sell,313069348327238,1757015297640
1757015301.077292,202.5,0.23,sell,903224455098226,1757015300294
1757015301.17708,202.5,0.23,sell,161646515919811,1757015300519
1757015301.268055,202.5,0.04,sell,100387773434092,1757015300712
1757015302.845543,202.47,7.26,buy,419316320926620,1757015302526
1757015303.0521123,202.47,7.22,buy,35695524446061,1757015302750
1757015303.68411,202.46,1.38,sell,953887309054570,1757015303332
1757015303.68411,202.46,0.02,sell,944631451610602,1757015303332
1757015304.987669,202.47,0.22,buy,809297983889423,1757015304804
1757015306.5592015,202.46,0.06,sell,633096494206475,1757015306080
1757015306.8461814,202.47,15.08,buy,452374573634655,1757015306485
1757015307.4892683,202.47,0.39,buy,698098968084411,1757015307014
1757015309.3843157,202.54,0.05,buy,635945065318768,1757015309012
1757015314.368114,202.58,0.06,sell,724653313043875,1757015314016
1757015316.6837988,202.59,69.67,buy,54746311686582,1757015315549
1757015319.1461527,202.59,98.72,buy,457763061772751,1757015318872
1757015319.1461527,202.59,191.78,buy,124391637574602,1757015318872
1757015319.1461527,202.59,2.62,buy,48005514816230,1757015318872
1757015319.1461527,202.59,92.53,buy,246886831658366,1757015318872
1757015319.1461527,202.59,118.74,buy,540568014343990,1757015318872
1757015319.268872,202.59,1.38,buy,670057626801669,1757015318940
1757015319.268872,202.61,0.92,buy,15598034237452,1757015318940
1757015326.8740454,202.63,0.39,sell,866034899699836,1757015326464
1757015327.2052264,202.56,10.5,buy,955799389657842,1757015326815
1757015327.2052264,202.56,10.5,buy,82136499072303,1757015326815
1757015327.2052264,202.56,10.5,buy,627898729535239,1757015326815
1757015327.2052264,202.58,18.25,buy,707931581693302,1757015326815
1757015327.2052264,202.58,10.5,buy,847556119507120,1757015326815
1757015327.2052264,202.58,49.92,buy,488061490421871,1757015326815
1757015327.2052264,202.58,33.95,buy,433895307496624,1757015326815
1757015327.2052264,202.58,8.9,buy,162103581688779,1757015326815
1757015328.12719,202.56,35.0,buy,38217600999202,1757015327582
1757015328.12719,202.56,47.04,buy,1119677663066145,1757015327582
1757015329.470976,202.55,1.4,sell,468429272704208,1757015329145
1757015331.256703,202.56,0.18,buy,470121414299782,1757015330640
1757015332.5385926,202.55,0.05,sell,96745244573572,1757015332171
1757015335.4011006,202.52,19.29,sell,262382183307175,1757015335093
1757015335.4011006,202.52,98.75,sell,889586758375791,1757015335093
1757015335.4011006,202.52,30.06,sell,563289356537607,1757015335093
1757015336.6009405,202.52,0.06,sell,213667208647327,1757015336097
1757015338.219834,202.5,0.5,sell,834469517819866,1757015337834
1757015339.0011919,202.46,122.29,buy,214402854375346,1757015338722
1757015339.3924704,202.46,0.05,buy,943588209751354,1757015339044
1757015339.65546,202.46,1.29,buy,1072857764956252,1757015339388
1757015339.760291,202.46,1.29,buy,826269260533320,1757015339455
1757015340.00518,202.45,0.5,sell,778297581152134,1757015339734
1757015340.00518,202.45,0.4,sell,331894244128861,1757015339734
1757015341.7312956,202.46,0.23,buy,401599404680576,1757015341121
1757015343.9687662,202.47,0.52,buy,77024059030954,1757015343629
1757015344.3202083,202.46,0.06,sell,1103857007658768,1757015344032
1757015344.3202083,202.46,0.06,sell,131365880979926,1757015344032
1757015344.3202083,202.47,0.95,buy,705768905096403,1757015344032
1757015346.6283243,202.47,0.1,buy,57437284141781,1757015345759
1757015353.161088,202.46,10.5,buy,1009627733608703,1757015352841
1757015353.161088,202.46,16.19,buy,173426893184561,1757015352841
1757015353.161088,202.46,7.3,buy,972345002885561,1757015352841
1757015364.9287806,202.51,1.31,buy,424867165006698,1757015364529
1757015365.2066329,202.53,4.94,buy,671817519977763,1757015364931
1757015366.8125765,202.52,0.06,sell,12331766588762,1757015366048
1757015366.8125765,202.53,4.19,buy,465636668064060,1757015366048
1757015369.4916553,202.56,0.05,buy,77144616222138,1757015369027
1757015370.2013311,202.54,1.43,buy,172593459349076,1757015369894
1757015373.6962633,202.51,0.14,sell,185416743774222,1757015373276
1757015374.1891222,202.48,100.0,buy,973774642725170,1757015373738
1757015374.4352381,202.46,0.06,sell,952840398677492,1757015374085
1757015374.4352381,202.46,0.06,sell,802739915173664,1757015374085
1757015376.547844,202.47,0.74,buy,223616338414275,1757015375972
1757015377.2405477,202.46,1.27,sell,3874531078828,1757015376888
1757015379.2420266,202.47,4.8,buy,138203542856433,1757015378804
1757015380.5477097,202.47,1.77,buy,1073544266881370,1757015380273
1757015380.5477097,202.47,1.77,buy,373847436546778,1757015380273
1757015382.9321613,202.47,0.05,buy,518947339131968,1757015382646
1757015383.1831908,202.47,0.07,buy,734365423907322,1757015382750
1757015386.995058,202.51,1.2,sell,7390642313313,1757015386249
1757015388.3498933,202.51,2.3,sell,804321752844525,1757015388076
1757015396.357987,202.51,0.06,sell,290699764902440,1757015396025
1757015397.1726887,202.52,3.97,buy,891369907966048,1757015396745
1757015398.5097718,202.51,0.12,sell,681317120333461,1757015398118
1757015399.5361185,202.47,0.05,buy,144676201569620,1757015399090
1757015401.1993537,202.46,0.12,sell,171236357930064,1757015400708
1757015401.1993537,202.46,1.16,sell,948219468761982,1757015400708
1757015404.408628,202.52,0.06,sell,458870670247189,1757015404009
1757015404.408628,202.52,0.06,sell,571790131652835,1757015404009
1757015405.0956926,202.52,2.44,sell,928100882206372,1757015404638
1757015407.963798,202.45,0.5,sell,122589400547198,1757015406857
1757015408.1677804,202.43,0.6,buy,855071127440355,1757015407079
1757015411.5392232,202.4,0.5,sell,1099939020397632,1757015411091
1757015411.5392232,202.4,0.9,sell,1020221133863418,1757015411091
1757015415.6240466,202.39,1.4,sell,987939396621488,1757015415351
1757015417.504477,202.4,10.5,buy,625362251036170,1757015416438
1757015417.504477,202.4,3.56,buy,1037893425625479,1757015416438
1757015417.504477,202.4,89.94,buy,109272080571244,1757015416438
1757015417.504477,202.4,6.45,buy,790420804371137,1757015416438
1757015417.504477,202.4,0.13,buy,351468219673296,1757015416438
1757015417.504477,202.4,5.76,buy,948807336500920,1757015416438
1757015417.504477,202.4,189.59,buy,111532545090268,1757015416438
1757015417.504477,202.4,0.28,buy,141115696711516,1757015416438
1757015417.504477,202.4,3.34,buy,411723892788423,1757015416438
1757015417.504477,202.41,19.29,buy,886524738576797,1757015416438
1757015417.504477,202.41,317.54,buy,887512484864336,1757015416438
1757015417.504477,202.41,12.0,buy,400355989051728,1757015416438
1757015417.504477,202.42,20.0,buy,253012060845948,1757015416438
1757015417.504477,202.42,1.38,buy,37359449218222,1757015416438
1757015417.504477,202.42,191.65,buy,153115654431199,1757015416438
1757015417.504477,202.42,14.82,buy,306821538844114,1757015416438
1757015417.504477,202.42,145.19,buy,3289870391663,1757015416438
1757015417.504477,202.43,170.3,buy,165290962108138,1757015416438
1757015417.504477,202.43,20.0,buy,879949367945447,1757015416438
1757015417.504477,202.43,25.0,buy,291887807436242,1757015416438
1757015417.504477,202.43,9.9,buy,217839121776365,1757015416438
1757015417.504477,202.43,9.85,buy,776999776403937,1757015416438
1757015417.504477,202.43,14.81,buy,324603414334819,1757015416438
1757015417.504477,202.43,3.66,buy,865146864186094,1757015416438
1757015419.0994196,202.42,0.24,sell,625446308622800,1757015418695
1757015419.0994196,202.42,9.76,sell,383173684395539,1757015418695
1757015420.1725247,202.46,0.17,sell,928503274168529,1757015419724
1757015422.298335,202.47,14.82,buy,428291526642290,1757015421426
1757015422.9330971,202.46,0.16,sell,1005490302090914,1757015422487
1757015422.9330971,202.42,3.41,sell,688321383193535,1757015422487
1757015422.9330971,202.42,3.57,sell,246475489528127,1757015422487
1757015423.24195,202.42,1.38,sell,400343424059377,1757015422766
1757015423.24195,202.4,2.19,sell,775210015678070,1757015422766
1757015423.681899,202.39,0.17,sell,244577554805832,1757015423101
1757015423.681899,202.38,3.4,sell,14771775349716,1757015423101
1757015423.681899,202.38,3.57,sell,879637509766167,1757015423101
1757015423.782174,202.38,3.57,sell,356288976066122,1757015423221
1757015423.8647754,202.37,3.58,sell,281931287086023,1757015423298
1757015425.2753713,202.38,8.39,buy,760280982681752,1757015424969
1757015425.6244202,202.38,2.11,buy,716457754900632,1757015425272
1757015425.6244202,202.38,0.11,buy,261608716555249,1757015425272
1757015425.9903045,202.4,0.1,sell,1035288938158393,1757015425665
1757015426.4234834,202.4,0.06,sell,926090560696219,1757015426008
1757015427.2266188,202.4,0.28,sell,863433536291077,1757015426643
1757015427.6392584,202.41,0.25,buy,110515389999535,1757015427310
1757015427.9321702,202.4,1.3,sell,964771651902977,1757015427582
1757015429.4740388,202.36,0.06,buy,1014508709319106,1757015429107
1757015429.9474542,202.36,2.1,buy,726636290627689,1757015429568
1757015430.5294209,202.36,1.41,buy,160370415362663,1757015430230
1757015433.0040245,202.36,0.25,buy,1038447096497243,1757015431713
1757015434.1490786,202.38,0.24,buy,26445039030477,1757015433866
1757015434.3335648,202.37,0.12,sell,874225559639527,1757015434007
1757015434.3335648,202.37,0.06,sell,906003788357476,1757015434007
1757015440.7083254,202.36,9.85,sell,596599974835436,1757015440168
1757015440.7083254,202.35,0.5,sell,610766460366593,1757015440168
1757015440.7083254,202.35,19.29,sell,509733872586178,1757015440168
1757015440.7083254,202.35,39.19,sell,254292267956602,1757015440168
1757015443.2781537,202.35,0.41,buy,1093206369237992,1757015442977
1757015445.5196736,202.4,0.06,sell,755528051136641,1757015445041
1757015448.4511209,202.4,0.06,sell,944921418853219,1757015448030
1757015449.4311152,202.41,0.25,buy,701483113443438,1757015449002
1757015449.5574915,202.4,0.05,sell,137691763449533,1757015449264
1757015449.5574915,202.39,0.09,sell,701742091538874,1757015449264
1757015449.5574915,202.36,8.1,sell,455964729782435,1757015449264
1757015449.5574915,202.35,9.88,sell,921681902887318,1757015449264
1757015449.5574915,202.35,4.27,sell,263664887937969,1757015449264
1757015450.7738717,202.36,1.53,buy,872246449680438,1757015450466
1757015450.969378,202.36,1.39,buy,1107477694676010,1757015450672
1757015450.969378,202.37,3.7,buy,628847447397569,1757015450672
1757015451.5075178,202.37,0.06,sell,354653551563793,1757015451016
1757015453.0528016,202.4,0.25,buy,655477169449018,1757015452424
1757015453.1626585,202.4,10.13,buy,873257717055188,1757015452625
1757015455.941041,202.4,23.53,sell,982591609319400,1757015455599
1757015455.941041,202.4,7.97,sell,150016256647573,1757015455599
1757015455.941041,202.4,35.0,sell,1032490143834955,1757015455599
1757015455.941041,202.4,20.87,sell,670996615627151,1757015455599
1757015455.941041,202.4,6.15,sell,397015911034156,1757015455599
1757015455.941041,202.4,4.48,sell,117180486390904,1757015455599
1757015456.0313768,202.4,3.09,sell,838466456952369,1757015455682
1757015456.38591,202.4,0.06,sell,650940109569247,1757015456036
1757015458.123859,202.41,0.25,buy,123166008171140,1757015457851
1757015458.5407505,202.41,0.05,buy,695960880434787,1757015458104
1757015459.4071498,202.4,0.35,sell,615648490784991,1757015459088
1757015459.4071498,202.4,0.92,sell,503825280405376,1757015459088
1757015460.9513278,202.41,0.25,buy,1071981511678520,1757015460555
1757015463.2220097,202.39,1.06,buy,831152961959456,1757015462481
1757015463.2220097,202.39,0.47,buy,655106786459012,1757015462481
1757015464.5525289,202.36,0.06,sell,495925442178463,1757015464097
1757015464.6199222,202.37,0.21,buy,319376970370841,1757015464249
1757015464.6199222,202.37,0.21,buy,1108862403054508,1757015464249
1757015465.0667386,202.37,0.25,buy,683769245355424,1757015464706
1757015470.2622955,202.37,0.09,buy,698697880837106,1757015469929
1757015470.468443,202.41,1.23,buy,974971522589106,1757015470149
1757015474.486827,202.43,3.15,buy,424964432399134,1757015474023
1757015474.6331449,202.43,3.15,buy,4982187808151,1757015474216
1757015475.438661,202.42,0.06,sell,1053786868728187,1757015475020
1757015476.2987428,202.43,0.65,buy,475788291129924,1757015475825
1757015476.479348,202.42,0.06,sell,819113750774423,1757015476029
1757015477.0692296,202.43,0.09,buy,438731222488601,1757015476731
1757015478.1059928,202.43,1.31,buy,1003360400576182,1757015477201
1757015478.441567,202.45,0.06,sell,202783375602655,1757015478011
1757015478.703171,202.45,0.01,sell,710564350949865,1757015478420
1757015478.767295,202.46,0.1,buy,171949590540528,1757015478469
1757015478.767295,202.5,0.3,buy,1106407733080942,1757015478469
1757015480.1015604,202.49,1.16,sell,170913275328843,1757015479688
1757015481.4545975,202.49,0.06,sell,192088160912786,1757015481003
1757015483.656662,202.49,0.24,sell,441970794635420,1757015483251
1757015485.7425227,202.45,0.08,sell,654484205902779,1757015485435
1757015486.3573172,202.43,0.06,sell,367005486676342,1757015486006
1757015486.8618948,202.44,0.71,buy,402435889773906,1757015486556
1757015486.946778,202.44,1.53,buy,1063444614264174,1757015486632
1757015488.0186496,202.43,1.32,sell,1105183201773038,1757015487476
1757015489.3286166,202.44,0.05,buy,829270207353211,1757015489032
1757015493.8936064,202.44,0.14,buy,792826656285159,1757015492899
1757015494.6588247,202.51,0.06,sell,144742012867225,1757015494054
1757015494.8714437,202.52,1.48,buy,142592426898433,1757015494257
1757015494.8714437,202.53,6.86,buy,652086414329237,1757015494257
1757015494.8714437,202.53,0.28,buy,656821191189482,1757015494257
1757015497.273706,202.52,0.21,sell,716142921509579,1757015496886
1757015505.3645046,202.53,0.06,sell,231708282658302,1757015505032
1757015506.4451184,202.53,0.06,sell,487911434799990,1757015506043
1757015506.9291382,202.54,14.66,buy,288034365018979,1757015506567
1757015508.5689821,202.53,0.06,sell,216940837553812,1757015508039
1757015511.493203,202.53,0.06,sell,790654840440730,1757015511071
1757015511.7611275,202.53,0.02,sell,460467703496634,1757015511366
1757015511.7611275,202.53,98.75,sell,1077464922460913,1757015511366
1757015511.7611275,202.53,197.63,sell,850759507247962,1757015511366
1757015511.7611275,202.53,197.48,sell,251577479432163,1757015511366
1757015511.7611275,202.53,197.54,sell,6238892081439,1757015511366
1757015511.7611275,202.53,197.55,sell,157376679731900,1757015511366
1757015511.7611275,202.53,26.85,sell,238723792952893,1757015511366
1757015511.7611275,202.53,0.23,sell,569813711771982,1757015511366
1757015511.7611275,202.53,24.67,sell,232317025548153,1757015511366
1757015511.7611275,202.52,0.44,sell,258610662595332,1757015511366
1757015511.7611275,202.52,77.15,sell,743621682546546,1757015511366
1757015511.7611275,202.52,133.63,sell,982529701327277,1757015511366
1757015511.7611275,202.52,5.92,sell,993858105266918,1757015511366
1757015511.7611275,202.51,1.53,sell,1063690777049308,1757015511366
1757015511.7611275,202.51,19.29,sell,588878820928292,1757015511366
1757015511.7611275,202.51,74.6,sell,834630486491832,1757015511366
1757015511.7611275,202.51,65.73,sell,877646983293281,1757015511366
1757015511.7611275,202.51,24.6,sell,267846143573517,1757015511366
1757015511.7611275,202.51,11.42,sell,1039216072073406,1757015511366
1757015511.7611275,202.51,148.7,sell,1004540994953552,1757015511366
1757015511.7611275,202.51,16.19,sell,505450962438939,1757015511366
1757015511.7611275,202.5,36.74,sell,289597617954049,1757015511366
1757015511.7611275,202.5,27.0,sell,429746530019635,1757015511366
1757015511.7611275,202.5,3.94,sell,977045890089472,1757015511366
1757015511.7611275,202.5,58.58,sell,302360667709986,1757015511366
1757015511.7611275,202.5,76.02,sell,598753927582662,1757015511366
1757015511.7611275,202.5,6.36,sell,118923999713422,1757015511366
1757015516.4075403,202.5,0.06,sell,8332039407315,1757015516066
1757015519.1106257,202.51,0.07,buy,739638911964919,1757015518723
1757015519.3697846,202.53,0.05,buy,595225896046501,1757015519065
1757015521.3070846,202.52,148.13,sell,728786426263595,1757015520946
1757015521.3070846,202.52,219.1,sell,831864755162899,1757015520946
1757015523.0506563,202.43,0.62,sell,328163830051481,1757015522158
1757015524.588488,202.43,0.06,sell,350696369195246,1757015524119
1757015526.6010938,202.42,98.8,buy,746652287746242,1757015526327
1757015526.6010938,202.42,0.12,buy,468994008785081,1757015526327
1757015526.6010938,202.42,247.01,buy,513617153857454,1757015526327
1757015526.6010938,202.42,247.01,buy,1123730324127852,1757015526327
1757015526.6010938,202.42,98.8,buy,673977128734638,1757015526327
1757015526.6010938,202.42,0.12,buy,494311064841082,1757015526327
1757015526.6010938,202.42,98.8,buy,192297129622637,1757015526327
1757015526.6010938,202.42,35.0,buy,276503443333221,1757015526327
1757015526.6010938,202.42,10.5,buy,444590448381966,1757015526327
1757015526.6010938,202.42,32.92,buy,217719744310734,1757015526327
1757015526.6010938,202.42,98.8,buy,1053668208715140,1757015526327
1757015526.6010938,202.42,98.8,buy,166124935335944,1757015526327
1757015526.6010938,202.42,148.2,buy,659594322009745,1757015526327
1757015526.6010938,202.42,708.35,buy,977409887241979,1757015526327
1757015526.6010938,202.42,92.4,buy,267668411883760,1757015526327
1757015527.41431,202.41,1.4,sell,930260633342346,1757015526919
1757015530.491466,202.41,0.13,sell,419746502829706,1757015530114
1757015530.491466,202.41,17.52,sell,39163883315371,1757015530114
1757015530.677659,202.42,0.2,buy,1044798796145171,1757015530162
1757015530.677659,202.42,9.7,buy,757636505530537,1757015530162
1757015530.677659,202.42,1.63,buy,953006876913251,1757015530162
1757015530.677659,202.42,9.9,buy,203182103970103,1757015530162
1757015530.677659,202.42,9.9,buy,997597245410131,1757015530162
1757015530.677659,202.42,9.9,buy,413201110333698,1757015530162
1757015530.677659,202.42,9.9,buy,468692134890501,1757015530162
1757015530.677659,202.42,9.9,buy,46868773146991,1757015530162
1757015530.677659,202.42,39.17,buy,688186067630551,1757015530162
1757015530.677659,202.43,1.14,buy,23913504800953,1757015530347
1757015532.1342413,202.43,0.26,sell,1110266453006649,1757015531756
1757015534.2095973,202.42,19.76,sell,456469464716860,1757015533929
1757015535.4774802,202.42,0.06,sell,388518599254209,1757015535057
1757015536.456964,202.47,0.06,sell,764932197132679,1757015536045
1757015538.6323626,202.47,0.06,sell,158460207896821,1757015538052
1757015539.3527331,202.48,1.43,buy,407020678799389,1757015539002
1757015539.3527331,202.48,8.15,buy,938017259489472,1757015539002
1757015541.330108,202.47,0.06,sell,835158163139063,1757015541012
1757015545.242655,202.51,0.07,sell,733052392641660,1757015544826
1757015545.242655,202.51,8.95,sell,55678144420203,1757015544826
1757015546.4246361,202.51,0.06,sell,666449149663760,1757015546071
1757015548.1257255,202.51,13.76,sell,811048335994780,1757015547410
1757015548.1257255,202.51,31.5,sell,367098954856574,1757015547410
1757015548.1257255,202.51,35.0,sell,535204990920371,1757015547410
1757015548.1257255,202.51,19.74,sell,903551110763411,1757015547410
1757015549.5166907,202.52,0.05,buy,836064175859347,1757015549004
1757015550.6262875,202.51,0.19,sell,241299675795005,1757015550036
1757015554.4660761,202.51,0.06,sell,822695056737977,1757015554058
1757015562.1130352,202.54,0.25,buy,1049817951020053,1757015561783
1757015562.4195743,202.54,30.09,buy,670339004410521,1757015562101
1757015562.4195743,202.54,0.12,buy,785031308407463,1757015562101
1757015562.4195743,202.54,68.55,buy,586373978493190,1757015562101
1757015565.1413708,202.54,0.06,buy,158796679769856,1757015564712
1757015565.4443161,202.53,0.06,sell,192061211986270,1757015565061
1757015566.3904517,202.53,0.06,sell,812687894146492,1757015566055
1757015568.5898623,202.53,0.06,sell,52500416810693,1757015568016
1757015570.443004,202.53,0.15,sell,881697623272235,1757015569959
1757015570.4904058,202.53,50.0,buy,148238489072039,1757015570022
1757015570.4904058,202.52,1.14,sell,798138670542316,1757015570022
1757015570.4904058,202.51,6.07,sell,368639365585464,1757015570022
1757015570.4987073,202.47,0.23,sell,834138523913249,1757015570159
1757015570.6322737,202.47,0.15,sell,622401436818562,1757015570217
1757015570.752424,202.47,5.69,sell,662240623271645,1757015570400
1757015571.4564981,202.43,0.06,sell,347011143870764,1757015571072
1757015572.4141555,202.43,1.4,sell,1083432249900459,1757015571981
1757015575.0768077,202.44,0.25,buy,791169479167791,1757015574539
1757015575.4297938,202.44,0.29,buy,570546790796154,1757015575083
1757015575.4297938,202.44,1.48,buy,152508194952648,1757015575083
1757015575.4297938,202.46,1.08,buy,290612493883421,1757015575083
1757015575.4297938,202.46,7.15,buy,1016205177695161,1757015575083
1757015576.2517877,202.45,0.06,sell,9890647583899,1757015576016
1757015577.7504127,202.46,0.06,buy,208663603206027,1757015577456
1757015579.3211477,202.46,0.05,buy,230245494676754,1757015579051
1757015584.4196548,202.47,0.06,sell,658323766780742,1757015584066
1757015586.080679,202.48,0.51,buy,1115373701694754,1757015585694
1757015586.5987272,202.48,0.25,buy,192990626106994,1757015586242
1757015590.5878863,202.48,246.93,buy,188553696337323,1757015590219
1757015590.5878863,202.48,49.43,buy,844014702088295,1757015590219
1757015593.5829518,202.43,0.2,sell,1061130753399650,1757015592940
1757015593.771816,202.44,3.0,buy,882005050009297,1757015593073
1757015594.9647753,202.44,27.1,buy,194371124006519,1757015594611
1757015594.9647753,202.44,20.15,buy,420642845766333,1757015594611
1757015594.9647753,202.44,2.13,buy,1060262637785321,1757015594611
1757015595.1032958,202.43,1.2,sell,406745658348147,1757015594694
1757015595.482752,202.43,0.06,sell,300798194706241,1757015595023
1757015596.1949897,202.43,1.49,sell,797015660016657,1757015595721
1757015596.1949897,202.43,1.83,sell,130285176678887,1757015595721
1757015596.4926066,202.4,0.06,sell,918889126007220,1757015596048
1757015596.8604677,202.41,0.11,buy,619198829315431,1757015596577
1757015597.0057545,202.41,0.32,buy,995403667223517,1757015596721
1757015599.0062294,202.4,0.06,sell,1058754977166154,1757015598000
1757015599.4075708,202.41,0.25,buy,1109881331366009,1757015598955
1757015599.5909798,202.4,0.38,sell,914249547750773,1757015599121
1757015601.218053,202.39,1.02,sell,405985327082766,1757015600820
1757015601.2852995,202.4,0.13,buy,1119506874647967,1757015600968
1757015601.3878887,202.39,0.06,sell,605195555762639,1757015601042
1757015602.7113745,202.36,1.99,buy,397092260726418,1757015602338
1757015605.1536927,202.35,0.5,sell,239412835200958,1757015604753
1757015605.43718,202.33,5.0,buy,289217671591528,1757015605036
1757015606.3487747,202.32,0.06,sell,240968652765164,1757015606042
1757015607.9956925,202.32,0.71,sell,27509065728650,1757015607649
1757015608.3179066,202.32,2.3,sell,1066346063790435,1757015607852
1757015609.3225634,202.33,0.06,buy,973534030506878,1757015609036
1757015611.1356993,202.33,0.19,buy,950397286264333,1757015610756
1757015614.4090219,202.36,0.06,sell,1108884717410592,1757015614001
1757015615.9365058,202.37,0.91,buy,138059583471955,1757015615457
1757015616.8186147,202.37,5.0,buy,90967857312649,1757015616536
1757015617.4715424,202.36,1.33,sell,931334628180755,1757015617166
1757015620.0380986,202.37,0.39,buy,950272815631255,1757015619715
1757015621.4720335,202.36,0.09,sell,737041876517288,1757015621109
1757015624.0456333,202.34,0.28,buy,129833558674064,1757015623560
1757015625.4422429,202.33,0.06,sell,668014622365373,1757015625072
1757015626.307039,202.33,0.06,sell,403850872178593,1757015626038
1757015628.3528502,202.33,0.06,sell,47037300155937,1757015628013
1757015629.0734885,202.34,0.07,buy,326783078083872,1757015628567
1757015629.0734885,202.34,5.0,buy,848346059746329,1757015628567
1757015629.1769476,202.33,0.07,sell,970171543116553,1757015628842
1757015629.1769476,202.33,10.59,sell,932034478886334,1757015628842
1757015630.3939927,202.33,7.41,sell,214661991133406,1757015630089
1757015631.4938657,202.32,0.06,sell,567310137797150,1757015631046
1757015634.2161896,202.34,0.08,buy,211177722787638,1757015633277
1757015634.2161896,202.34,0.07,buy,1077557779268693,1757015633277
1757015634.2161896,202.34,9.75,buy,572086129889725,1757015633277
1757015634.2161896,202.34,9.9,buy,1033456226234937,1757015633277
1757015634.2161896,202.34,5.04,buy,389068699267383,1757015633277
1757015636.4275625,202.32,0.06,sell,982222576693137,1757015636015
1757015636.7126954,202.32,0.06,sell,1062579360052689,1757015636326
1757015638.1562765,202.3,0.5,sell,906992674811591,1757015637870
1757015638.1562765,202.27,8.83,sell,923207277286889,1757015637870
1757015639.5570195,202.28,0.05,buy,493336957378739,1757015639048
1757015644.5046697,202.27,0.06,sell,444942831987065,1757015644006
1757015647.0559359,202.25,0.5,sell,1120558009268609,1757015646669
1757015647.0559359,202.25,25.02,sell,703944582175594,1757015646669
1757015647.0559359,202.25,24.72,sell,635948671704199,1757015646669
1757015647.0559359,202.24,46.85,sell,830353241411898,1757015646669
1757015654.5766451,202.26,0.18,buy,720804987899792,1757015654030
1757015654.5766451,202.29,1.48,buy,444222765144250,1757015654030
1757015654.5766451,202.3,3.34,buy,213172227400460,1757015654030
1757015655.406616,202.29,0.06,sell,353913531411752,1757015655030
1757015655.782752,202.29,0.05,sell,913814486714048,1757015655433
1757015656.4319286,202.29,0.06,sell,61441906311405,1757015656012
1757015658.5261211,202.29,0.06,sell,117679271441774,1757015658067
1757015659.630824,202.29,1.33,sell,1074800037661848,1757015659281
1757015661.438994,202.33,0.06,sell,685330930036122,1757015661002
1757015666.4020088,202.37,0.06,sell,842721226621766,1757015666011
1757015669.58091,202.39,0.05,buy,534679899269066,1757015669000
1757015674.8213415,202.42,0.06,sell,417250942529604,1757015674027
1757015675.1098578,202.43,0.95,buy,895119496462446,1757015674582
1757015675.1098578,202.42,0.39,sell,202610486844023,1757015674582
1757015680.20903,202.38,0.18,buy,46303707193387,1757015679804
1757015681.6126163,202.43,0.23,buy,471864550177799,1757015681055
1757015681.6126163,202.43,3.76,buy,335373907829687,1757015681055
1757015684.871921,202.42,5.09,buy,303753815618842,1757015684490
1757015685.437464,202.41,0.06,sell,1001466084961775,1757015685068
1757015686.6553373,202.43,0.06,sell,912945800399676,1757015686200
1757015688.3086553,202.44,1.48,buy,226920072992124,1757015687986
1757015688.4575894,202.43,0.06,sell,1096226426370253,1757015688113
1757015691.482164,202.49,0.06,sell,89235041905840,1757015691022
1757015696.384085,202.49,0.06,sell,1085529892550592,1757015696051
1757015699.8638992,202.5,0.05,buy,508593798291315,1757015699010
1757015701.306436,202.49,0.46,sell,589240380163900,1757015700909
1757015701.3825657,202.49,9.9,sell,998589122494439,1757015701058
1757015701.3825657,202.49,9.9,sell,6068783896112,1757015701058
1757015701.3825657,202.49,8.27,sell,90668179229329,1757015701058
1757015701.3825657,202.49,0.22,sell,951666898566285,1757015701058
1757015701.5709758,202.49,9.9,sell,132791372152352,1757015701163
1757015701.5709758,202.49,5.54,sell,136113068376926,1757015701163
1757015701.5709758,202.49,1.14,sell,664890961108543,1757015701163
1757015701.5709758,202.49,0.27,sell,746727421678029,1757015701163
1757015701.5709758,202.49,9.9,sell,119794073172510,1757015701163
1757015701.5709758,202.49,9.9,sell,150156102624161,1757015701163
1757015701.5709758,202.49,0.2,sell,536603925389871,1757015701163
1757015704.8094172,202.45,0.06,sell,17524264974774,1757015704092
1757015705.0293057,202.46,10.5,buy,88679620011285,1757015704159
1757015705.0293057,202.46,2.78,buy,587406378468572,1757015704159
1757015705.0293057,202.46,34.74,buy,722652667956373,1757015704159
1757015706.2398286,202.5,0.05,buy,1099069024874630,1757015705870
1757015709.0460944,202.44,4.59,buy,750266511057071,1757015708765
1757015710.155783,202.43,10.0,sell,94732183546247,1757015709242
1757015710.3377783,202.44,6.85,buy,850462498147759,1757015709978
1757015713.2731328,202.41,19.54,buy,950008067461603,1757015712890
1757015713.2731328,202.41,15.14,buy,379488722249993,1757015712890
1757015713.2731328,202.41,12.38,buy,1069156131765358,1757015712890
1757015713.2731328,202.41,11.37,buy,134565534512211,1757015712890
1757015713.2731328,202.41,40.32,buy,48708625964874,1757015712890
1757015713.2731328,202.41,0.08,buy,204267801313604,1757015712890
1757015715.5996203,202.42,0.06,sell,111558905333766,1757015715005
1757015716.455268,202.4,0.06,sell,239425712742757,1757015716024
1757015718.0541878,202.43,1.2,sell,583680275068676,1757015717638
1757015718.5780735,202.43,0.06,sell,393774190377124,1757015718027
1757015720.4760084,202.44,0.14,buy,559242192028953,1757015719775
1757015720.5281577,202.47,0.6,sell,306231304902689,1757015720053
1757015721.8007329,202.49,0.06,sell,800731422106243,1757015721096
1757015721.9515965,202.49,0.1,sell,863903681599225,1757015721368
1757015726.4802926,202.48,0.06,sell,294194522798512,1757015726026
1757015726.4802926,202.49,1.08,buy,1016752080077559,1757015726026
1757015726.4802926,202.49,6.65,buy,415447835892348,1757015726026
1757015726.4802926,202.5,8.38,buy,326077395259715,1757015726026
1757015729.4232666,202.55,0.05,buy,226236290825026,1757015729058
1757015734.503971,202.54,0.06,sell,617947715665819,1757015734016
1757015737.8466482,202.54,0.2,sell,688534895240501,1757015737523
1757015741.9745834,202.53,0.08,sell,302988700381809,1757015741624
1757015741.9745834,202.53,1.44,sell,52344049002457,1757015741624
1757015745.465958,202.45,0.06,sell,1052489464082526,1757015745081
1757015745.545281,202.45,1.4,sell,997875655341096,1757015745235
1757015746.4555576,202.45,0.06,sell,710363592819836,1757015746092
1757015748.0941741,202.45,6.73,sell,649672051281919,1757015747654
1757015748.0941741,202.44,0.08,sell,695876700384277,1757015747654
1757015748.0941741,202.44,1.44,sell,965705408368539,1757015747654
1757015748.0941741,202.43,7.22,sell,965411371150397,1757015747654
1757015748.0941741,202.43,7.56,sell,776908755951056,1757015747654
1757015748.0941741,202.43,77.15,sell,227496556560441,1757015747654
1757015748.0941741,202.43,1.38,sell,139492513789470,1757015747654
1757015748.0941741,202.42,77.15,sell,852849709597624,1757015747654
1757015748.0941741,202.42,129.26,sell,423074318708563,1757015747654
1757015748.0941741,202.41,25.0,sell,557453407240774,1757015747654
1757015748.0941741,202.41,19.29,sell,176664737347927,1757015747654
1757015748.0941741,202.41,27.0,sell,1055751636294269,1757015747654
1757015748.0941741,202.41,225.81,sell,67449355693262,1757015747654
1757015748.2987425,202.4,0.06,sell,937939777167191,1757015748005
1757015750.1017227,202.4,0.38,sell,121792449511071,1757015749485
1757015750.1017227,202.4,18.83,sell,210219833973432,1757015749485
1757015750.617661,202.4,0.06,sell,129162097792065,1757015750123
1757015751.2658782,202.4,0.23,buy,242779831548104,1757015750915
1757015751.5176249,202.39,0.06,sell,204970042234035,1757015751008
1757015752.6060386,202.39,1.4,sell,188559624439478,1757015752133
1757015756.3674197,202.35,0.06,sell,1013398718555082,1757015756005
1757015759.3584788,202.36,0.05,buy,615767842685013,1757015759025
1757015760.5695329,202.35,0.06,sell,1038276903412184,1757015760059
1757015764.0959508,202.36,1.17,buy,195360361152996,1757015763688
1757015764.3603098,202.35,0.06,sell,554650282211797,1757015764001
1757015775.9633148,202.35,0.06,sell,19431098122859,1757015775045
1757015776.1403239,202.36,1.95,buy,701829628280860,1757015775620
1757015776.1403239,202.36,0.44,buy,356929534678655,1757015775620
1757015776.502192,202.43,0.06,sell,594849310967483,1757015776005
1757015778.9769897,202.45,0.06,sell,1034097361003150,1757015778058
1757015778.9769897,202.46,0.21,buy,2934558601366,1757015778058
1757015780.8238738,202.45,0.06,sell,402782106569447,1757015780050
1757015781.5284288,202.45,0.06,sell,807740107509612,1757015781070
1757015785.8621194,202.45,0.02,sell,335757616943666,1757015785118
1757015785.8621194,202.45,0.23,sell,583576147336467,1757015785118
1757015786.3266437,202.44,0.06,sell,488732652631336,1757015786005
1757015787.6576774,202.44,1.38,sell,1068565211570349,1757015787321
1757015787.6576774,202.44,0.03,sell,681509697557287,1757015787321
1757015789.3986502,202.42,0.05,buy,868436121469764,1757015789041
1757015790.8335016,202.41,0.06,sell,676509566486785,1757015790006
1757015791.0407708,202.41,3.29,sell,116329996760856,1757015790418
1757015791.6390321,202.41,495.1,sell,368074152162610,1757015791207
1757015791.9427345,202.41,34.78,sell,71117137483937,1757015791525
1757015791.9427345,202.41,27.2,sell,169191649260097,1757015791525
1757015791.9427345,202.41,121.32,sell,728835392958850,1757015791525
1757015791.9427345,202.41,160.44,sell,290221820109610,1757015791525
1757015791.9427345,202.41,40.24,sell,528492044006769,1757015791525
1757015791.9427345,202.41,52.3,sell,853499199962869,1757015791525
1757015791.9427345,202.41,34.84,sell,585860164339927,1757015791525
1757015791.9427345,202.41,153.41,sell,584956499386147,1757015791525
1757015791.9427345,202.41,6.44,sell,1095300844086397,1757015791525
1757015791.9427345,202.41,276.28,sell,792282769027715,1757015791525
1757015791.9427345,202.41,36.02,sell,361793851098166,1757015791525
1757015793.4239063,202.35,0.26,sell,564996454817484,1757015792983
1757015793.4244268,202.34,1.44,sell,295315164307982,1757015793026
1757015793.4244268,202.34,1.44,sell,970492749947668,1757015793026
1757015794.4928284,202.3,0.06,sell,455555759234182,1757015794034
1757015796.108004,202.3,0.44,sell,972282310480902,1757015795729
1757015797.3839998,202.27,0.53,buy,1053092851342744,1757015797033
1757015797.3839998,202.27,0.91,buy,1102068136515346,1757015797033
1757015797.7901545,202.26,2.36,sell,861535653997964,1757015797381
1757015805.8782423,202.26,0.06,sell,214367445996961,1757015805041
1757015806.4336152,202.26,0.06,sell,476814690242940,1757015806046
1757015808.4128683,202.26,0.06,sell,851025035463337,1757015808069
1757015809.4115448,202.26,7.79,sell,109615519666555,1757015808981
1757015809.4115448,202.26,12.0,sell,702764137859455,1757015808981
1757015809.564847,202.25,0.09,sell,432205082176159,1757015809179
1757015810.91112,202.25,0.06,sell,323711933948868,1757015810039
1757015811.5387552,202.25,0.06,sell,822714305190512,1757015811050
1757015811.6236987,202.25,0.29,sell,1090203855333763,1757015811138
1757015813.636361,202.23,5.13,sell,56140357532131,1757015813179
1757015813.636361,202.23,18.67,sell,411805533376859,1757015813179
1757015813.636361,202.23,10.29,sell,97205931589541,1757015813179
1757015813.636361,202.23,465.91,sell,449528029013334,1757015813179
1757015814.0415523,202.22,0.12,sell,673800399012302,1757015813332
1757015814.0415523,202.22,0.12,sell,327920785822159,1757015813332
1757015814.0415523,202.2,0.5,sell,1082658998339860,1757015813332
1757015814.0415523,202.2,0.49,sell,1045577967113350,1757015813332
1757015814.3664143,202.17,6.37,sell,510373858645450,1757015813986
1757015814.3664143,202.15,0.5,sell,770042922961390,1757015813986
1757015814.3664143,202.15,5.92,sell,1053850031496019,1757015813986
1757015814.3664143,202.14,5.0,sell,910927960092683,1757015813986
1757015814.3664143,202.14,32.21,sell,980896260664114,1757015813986
1757015816.5699983,202.14,1.4,sell,399601919165434,1757015815933
1757015816.5699983,202.14,0.06,sell,651241218740992,1757015816004
1757015817.3592973,202.14,7.67,sell,1112279606578626,1757015816931
1757015817.3592973,202.14,3.1,sell,1092940750500722,1757015816931
1757015817.3592973,202.12,5.0,sell,1025083037852095,1757015816931
1757015817.3592973,202.12,50.0,sell,1075654967568560,1757015816931
1757015817.3592973,202.11,55.2,sell,907576838581189,1757015816931
1757015817.3592973,202.11,1.0,sell,335670172830217,1757015816931
1757015817.3592973,202.11,26.07,sell,110620686320062,1757015816931
1757015817.3592973,202.11,0.58,sell,770106988031115,1757015816931
1757015817.3592973,202.11,1.59,sell,814892299960138,1757015816931
1757015817.3592973,202.11,4.33,sell,974915269287608,1757015816931
1757015817.3592973,202.1,1.26,sell,466477124664162,1757015816931
1757015817.3592973,202.1,1.96,sell,249989942922489,1757015816931
1757015817.3592973,202.1,3.2,sell,1041197779519968,1757015816931
1757015817.3592973,202.1,0.5,sell,628299644348961,1757015816931
1757015817.3592973,202.1,0.37,sell,1056085881176909,1757015816931
1757015817.3592973,202.1,22.36,sell,963168509593810,1757015816931
1757015817.3592973,202.09,5.0,sell,48175284993840,1757015816931
1757015817.3592973,202.09,2.23,sell,676924803737660,1757015816931
1757015817.3592973,202.09,13.53,sell,1021670826414425,1757015816931
1757015817.3592973,202.09,1.38,sell,507788441716954,1757015816931
1757015817.3592973,202.09,41.75,sell,149321366221927,1757015816931
1757015817.3592973,202.09,8.35,sell,445855708987922,1757015816931
1757015817.3592973,202.08,0.34,sell,1004070489098076,1757015816931
1757015817.3592973,202.08,0.49,sell,875194636788488,1757015816931
1757015817.3592973,202.08,0.1,sell,144268176915612,1757015816931
1757015817.3592973,202.08,23.51,sell,881712967354206,1757015816931
1757015817.3592973,202.08,53.64,sell,697071814064967,1757015816931
1757015817.3592973,202.08,19.5,sell,1106153752667660,1757015816931
1757015817.3592973,202.07,5.0,sell,126279738375132,1757015816931
1757015817.3592973,202.07,0.91,sell,882787992733556,1757015816931
1757015817.3592973,202.07,0.59,sell,487135222834057,1757015816931
1757015817.3592973,202.07,1.2,sell,442197491026658,1757015816931
1757015817.3592973,202.07,8.5,sell,955254022441840,1757015816931
1757015817.3592973,202.07,52.82,sell,641185335067190,1757015816931
1757015817.3592973,202.07,70.81,sell,291443371024955,1757015816931
1757015817.3592973,202.07,47.25,sell,954103791830286,1757015816931
1757015818.935439,202.08,10.5,buy,327411841163424,1757015818610
1757015818.935439,202.08,1.38,buy,194451534129192,1757015818610
1757015819.3852577,202.09,0.05,buy,183365070449994,1757015819010
1757015820.475962,202.08,0.06,sell,76541489386174,1757015820018
1757015820.475962,202.09,0.48,buy,1031781248605005,1757015820018
1757015820.475962,202.08,29.07,sell,482021156616557,1757015820018
1757015820.475962,202.08,0.96,sell,930552907277032,1757015820018
1757015820.475962,202.08,7.46,sell,400525089092354,1757015820018
1757015820.475962,202.08,0.89,sell,1004038029759941,1757015820018
1757015820.475962,202.08,0.31,sell,1051593850218685,1757015820018
1757015820.475962,202.08,1.74,sell,1432537622388,1757015820018
1757015820.475962,202.09,0.2,buy,206655273347145,1757015820018
1757015822.2380252,202.06,0.03,sell,725123412572854,1757015821816
1757015822.2380252,202.06,84.42,sell,1091173103263680,1757015821816
1757015822.2380252,202.06,15.55,sell,213915439835973,1757015821816
1757015822.2380252,202.06,0.06,sell,572549476293247,1757015821816
1757015822.2380252,202.06,0.06,sell,895623471470928,1757015821816
1757015822.2380252,202.06,0.06,sell,46538878694996,1757015821816
1757015822.4972043,202.05,1.0,sell,4375814516285,1757015821945
1757015822.4972043,202.05,0.06,sell,245941530072766,1757015821945
1757015822.4972043,202.05,1.0,sell,682845384072227,1757015821945
1757015822.4972043,202.05,0.5,sell,24774637752464,1757015821945
1757015822.5665228,202.04,2.0,sell,579320991377623,1757015822048
1757015822.5665228,202.04,5.0,sell,728338949189297,1757015822048
1757015822.5665228,202.04,44.44,sell,1091387887281297,1757015822048
1757015822.5665228,202.04,14.53,sell,1045425741929368,1757015822048
1757015822.5665228,202.03,1.96,sell,482792885358843,1757015822048
1757015822.5665228,202.02,5.0,sell,936987570884503,1757015822048
1757015823.1364887,202.01,0.23,buy,1086588573592236,1757015822669
1757015824.4583542,202.0,1.0,sell,743823811948742,1757015823892
1757015824.4583542,202.0,8.7,sell,1119155892161746,1757015823892
1757015824.4583542,202.0,5.0,sell,702122158370844,1757015823892
1757015824.4583542,202.0,5.82,sell,942550496930172,1757015823892
1757015824.4583542,202.0,10.24,sell,577427232584006,1757015823892
1757015824.4583542,202.0,16.26,sell,391276885136109,1757015823892
1757015824.4583542,202.0,2.02,sell,943841993209280,1757015823892
1757015824.4583542,202.0,57.72,sell,637333388678553,1757015823892
1757015824.4583542,202.0,40.42,sell,429968122117276,1757015823892
1757015824.4583542,202.0,112.17,sell,850415610933987,1757015823892
1757015824.4583542,202.0,12.68,sell,1050587374949529,1757015823892
1757015824.4583542,202.0,93.7,sell,920172514328630,1757015823892
1757015824.4583542,202.0,4.55,sell,163031004307960,1757015823892
1757015824.4583542,202.0,236.81,sell,231354594843054,1757015823892
1757015824.4583542,202.0,23.58,sell,1042842092464041,1757015823892
1757015824.4583542,202.0,76.09,sell,71477080255112,1757015823892
1757015824.4583542,202.0,63.99,sell,453985525400551,1757015823892
1757015824.4583542,202.0,15.0,sell,18788760926994,1757015823892
1757015824.4583542,202.0,26.33,sell,260874986912697,1757015823892
1757015824.4583542,202.0,3.0,sell,724930254966920,1757015823892
1757015824.4583542,202.0,10.0,sell,690427371168140,1757015823892
1757015824.4583542,202.0,15.13,sell,252051412617902,1757015823892
1757015824.4583542,202.0,6.28,sell,666334133720841,1757015823892
1757015824.4583542,202.0,24.19,sell,92527521518741,1757015823892
1757015824.4583542,202.0,55.25,sell,572411916434878,1757015823892
1757015824.4583542,202.0,0.12,sell,1034283859724276,1757015823892
1757015824.4583542,202.0,48.0,sell,548144966529360,1757015823892
1757015824.4583542,202.0,9.43,sell,1098186598661035,1757015823892
1757015824.4583542,202.0,5.0,sell,622710138301018,1757015823892
1757015824.4583542,202.0,17.5,sell,480988044840892,1757015823892
1757015824.4583542,202.0,23.4,sell,789728304033109,1757015823892
1757015824.4583542,202.0,18.18,sell,138748735248052,1757015823892
1757015824.4583542,202.0,10.34,sell,345789782687767,1757015823892
1757015824.4583542,202.0,1.0,sell,655724893369368,1757015823892
1757015824.4583542,202.0,36.3,sell,224440953383369,1757015823892
1757015824.4583542,202.0,25.17,sell,276470139423039,1757015823892
1757015824.4583542,202.0,11.79,sell,699423181313973,1757015823892
1757015824.4583542,202.0,2.84,sell,676146322621318,1757015823892
1757015824.4583542,202.0,25.37,sell,174055382512414,1757015823892
1757015824.4583542,202.0,17.34,sell,932228848459774,1757015823892
1757015824.4583542,202.0,411.74,sell,865552739661943,1757015823892
1757015824.4583542,202.0,145.6,sell,897280112845892,1757015823892
1757015824.4583542,202.0,1.03,sell,1081761889318805,1757015823892
1757015824.4583542,202.0,8.97,sell,323303521416017,1757015823892
1757015824.4583542,202.0,12.37,sell,653835835559141,1757015823892
1757015824.4583542,202.0,0.24,sell,846819848231552,1757015823892
1757015824.4583542,202.0,10.0,sell,236400898115553,1757015823892
1757015824.4583542,202.0,9.9,sell,1102675378743040,1757015823892
1757015824.4583542,202.0,0.5,sell,524470628394657,1757015823892
1757015824.4583542,202.0,5.64,sell,974037888482664,1757015823892
1757015824.4583542,202.0,122.7,sell,338008607668650,1757015823892
1757015824.4583542,202.0,5.57,sell,551248745712773,1757015823892
1757015824.4583542,202.0,86.41,sell,207773946283722,1757015823892
1757015824.4583542,202.0,1.09,sell,296418661563750,1757015823892
1757015824.4583542,202.0,14.39,sell,290641836831110,1757015823892
1757015824.4583542,202.0,545.95,sell,597430570260212,1757015823892
1757015824.4583542,202.0,305.07,sell,422427927553159,1757015823892
1757015824.4583542,202.0,10.18,sell,1058940252169281,1757015823892
1757015824.4583542,202.0,36.91,sell,897657344749061,1757015823892
1757015824.4583542,202.0,19.0,sell,457458286231767,1757015823892
1757015824.4583542,202.0,99.01,sell,958164520491248,1757015823892
1757015824.4583542,202.0,2.5,sell,615276220572661,1757015823892
1757015824.4583542,202.0,49.5,sell,799976690697725,1757015823892
1757015824.4583542,202.0,5.0,sell,248088821514132,1757015823892
1757015824.4583542,202.0,0.49,sell,372541791245414,1757015823892
1757015824.4583542,202.0,16.61,sell,75711931900821,1757015823892
1757015824.4583542,202.0,1.0,sell,1013497866546649,1757015823892
1757015824.4583542,202.0,283.22,sell,678890231621552,1757015823892
1757015824.4583542,202.0,56.83,sell,566344464072664,1757015823892
1757015824.4583542,202.0,588.35,sell,682169873650719,1757015823892
1757015824.4583542,202.0,74.65,sell,484086464489296,1757015823892
1757015824.4583542,202.0,1.82,sell,849091203389128,1757015823892
1757015824.4583542,202.0,148.82,sell,560168780451164,1757015823892
1757015824.4583542,202.0,4.68,sell,729551680197316,1757015823892
1757015824.4583542,202.0,93.5,sell,1120674554515877,1757015823892
1757015824.4583542,202.0,7.12,sell,137978703359003,1757015823892
1757015824.4583542,202.0,246.22,sell,554197940094746,1757015823892
1757015824.4726553,202.0,5.0,sell,359987585108477,1757015823983
1757015824.4726553,202.0,6.11,sell,495294458606157,1757015823983
1757015824.4726553,202.0,15.59,sell,312378865680273,1757015823983
1757015824.4726553,202.0,11.02,sell,902375488012822,1757015823983
1757015824.4726553,202.0,3.03,sell,635215573177967,1757015823983
1757015824.4726553,202.0,23.26,sell,1011678447018607,1757015823983
1757015824.4726553,202.0,4.95,sell,393589499605228,1757015823983
1757015824.4726553,202.0,4.95,sell,430158381083248,1757015823983
1757015824.4726553,202.0,5.87,sell,590052646310702,1757015823983
1757015824.473772,202.0,0.06,sell,857738474385963,1757015824074
1757015824.473772,202.0,4.61,sell,1015382625202327,1757015824074
1757015824.473772,202.0,0.05,sell,42661249839147,1757015824074
1757015824.473772,202.0,0.29,sell,548083600367804,1757015824074
1757015824.473772,202.0,54.22,sell,1028502855774699,1757015824074
1757015824.473772,202.0,9.9,sell,1059037478849663,1757015824074
1757015824.473772,202.0,3.23,sell,690605319158593,1757015824074
1757015824.473772,202.0,148.51,sell,211193153002397,1757015824074
1757015824.473772,202.0,1.4,sell,198383567562788,1757015824074
1757015824.512735,202.0,0.58,sell,939212236144270,1757015824138
1757015824.512735,202.0,3.67,sell,979236316247596,1757015824138
1757015824.512735,202.0,4.95,sell,373905231003831,1757015824138
1757015824.512735,202.0,4.95,sell,411938582155294,1757015824138
1757015824.512735,202.0,1.53,sell,42709736992419,1757015824138
1757015824.6820846,202.01,0.08,buy,992153013609211,1757015824213
1757015824.6820846,202.0,0.24,sell,909440398915325,1757015824213
1757015824.6820846,202.01,0.64,buy,777479807708194,1757015824213
1757015824.6820846,202.0,0.7,sell,956849303020779,1757015824213
1757015824.6820846,202.01,0.88,buy,228984050986994,1757015824213
1757015824.6820846,202.01,1.13,buy,280998620504276,1757015824213
1757015824.6820846,202.0,1.16,sell,454996236297952,1757015824213
1757015824.6820846,202.0,1.89,sell,878518537364410,1757015824213
1757015824.6820846,202.01,2.58,buy,254602268497776,1757015824213
1757015824.6820846,202.0,2.72,sell,641290882188188,1757015824213
1757015824.6820846,202.0,2.87,sell,956571287462835,1757015824213
1757015824.6820846,202.0,3.39,sell,936862822488287,1757015824213
1757015824.6820846,202.0,5.14,sell,663957820014925,1757015824213
1757015824.6820846,202.0,5.59,sell,595260134890067,1757015824213
1757015824.6820846,202.01,7.24,buy,455196116078761,1757015824213
1757015824.6820846,202.0,7.33,sell,220136159982325,1757015824213
1757015824.6820846,202.0,9.18,sell,721921346946493,1757015824213
1757015824.6820846,202.01,1.01,buy,1000215707951608,1757015824213
1757015824.6820846,202.01,8.99,buy,213476272386383,1757015824213
1757015824.6820846,202.01,2.66,buy,314736762494328,1757015824213
1757015824.6820846,202.01,1.04,buy,698056511570602,1757015824213
1757015824.6820846,202.03,6.3,buy,1115334691284240,1757015824213
1757015824.6820846,202.0,13.64,sell,1096426328189470,1757015824213
1757015824.6820846,202.03,16.47,buy,279116444525462,1757015824213
1757015824.6820846,202.0,19.13,sell,516082216281141,1757015824213
1757015824.6820846,202.0,22.09,sell,398715533832111,1757015824213
1757015824.6820846,202.0,35.45,sell,821820712373716,1757015824213
1757015824.6820846,202.03,4.23,buy,477864942982912,1757015824213
1757015824.6820846,202.03,12.0,buy,131046902732995,1757015824213
1757015824.6820846,202.04,32.54,buy,826788866166907,1757015824213
1757015824.6820846,202.04,44.61,buy,663681790735155,1757015824213
1757015824.6820846,202.04,76.04,buy,401161194811294,1757015824213
1757015824.6820846,202.0,270.32,sell,365186719435651,1757015824213
1757015824.6820846,202.0,1.83,sell,831080436143770,1757015824213
1757015824.6820846,202.0,43.9,sell,118716585375527,1757015824213
1757015824.6820846,202.0,2.97,sell,30400313114995,1757015824213
1757015824.6820846,202.0,100.0,sell,328161296177506,1757015824213
1757015824.6820846,202.0,24.66,sell,721022557081578,1757015824213
1757015824.6820846,202.0,10.41,sell,565767757537929,1757015824213
1757015824.6820846,202.0,1.0,sell,142227176185079,1757015824213
1757015824.6820846,202.0,0.5,sell,217255580254146,1757015824213
1757015824.6820846,202.0,33.47,sell,697918673768801,1757015824213
1757015824.6820846,202.0,164.26,sell,431216212589269,1757015824213
1757015824.6820846,202.0,98.77,sell,1039877595261534,1757015824213
1757015824.6820846,202.0,197.77,sell,293353196177257,1757015824213
1757015824.6820846,202.0,92.97,sell,441131107160966,1757015824213
1757015824.6820846,202.0,104.84,sell,163673312963177,1757015824213
1757015824.6820846,202.0,79.02,sell,1104284938586897,1757015824213
1757015824.6820846,202.0,99.01,sell,1047892756673347,1757015824213
1757015824.6820846,202.0,20.77,sell,974734144725736,1757015824213
1757015824.6820846,202.0,0.13,sell,682430217626401,1757015824213
1757015824.6820846,202.0,0.92,sell,1079645074837352,1757015824213
1757015824.6820846,202.0,2.59,sell,708682239193731,1757015824213
1757015824.6820846,202.0,0.48,sell,574918828141656,1757015824213
1757015824.6820846,202.0,0.1,sell,174274534878192,1757015824213
1757015826.200025,202.03,1.2,buy,19670151645573,1757015825780
1757015826.200025,202.03,10.14,buy,557196007217784,1757015825780
1757015826.200025,202.02,35.0,sell,991175724031423,1757015825780
1757015826.200025,202.02,31.5,sell,331848402949113,1757015825780
1757015826.200025,202.02,23.04,sell,741247871539996,1757015825780
1757015826.3035398,202.02,4.2,sell,134584843125500,1757015825968
1757015827.2929828,202.01,10.87,buy,216052343488315,1757015826936
1757015827.473862,201.99,0.22,sell,601317054301631,1757015827004
1757015827.6325426,201.99,0.08,sell,344938084840896,1757015827213
1757015829.2086236,202.01,0.08,buy,800924391517968,1757015828812
1757015834.8453476,202.07,0.16,sell,1114923702421175,1757015834498
1757015835.2757359,202.03,0.2,sell,204306498499059,1757015834888
1757015835.2757359,201.99,0.23,sell,421040464767691,1757015834888
1757015835.2757359,202.04,1.95,buy,262379862804778,1757015834888
1757015835.4780354,201.99,0.06,sell,80938548031713,1757015835012
1757015836.7296522,201.99,0.06,sell,1084227123503837,1757015836082
1757015837.1643798,202.0,0.25,buy,691768677838258,1757015836749
1757015837.588045,202.0,0.12,buy,1059803218598780,1757015837111
1757015837.588045,201.99,3.93,sell,1024806420019529,1757015837111
1757015837.588045,201.99,1.43,sell,971682964165136,1757015837111
1757015837.588045,201.99,7.5,sell,1023693868131410,1757015837111
1757015837.588045,201.98,0.06,sell,78745724783324,1757015837111
1757015837.8336706,201.99,0.05,buy,133037194032778,1757015837557
1757015838.504529,201.98,0.06,sell,136558369696305,1757015838065
1757015838.9287093,201.98,4.88,sell,662441128044337,1757015838588
1757015838.9287093,201.98,6.5,sell,305274960716585,1757015838588
1757015838.9287093,201.98,0.25,sell,736771546414484,1757015838588
1757015839.2494621,201.97,0.03,sell,112858398984235,1757015838895
1757015839.2494621,201.97,6.97,sell,628742422082458,1757015838895
1757015839.358869,201.96,0.49,sell,511804059413590,1757015838964
1757015839.6528282,201.96,1.48,sell,543285388810857,1757015839073
1757015839.6528282,201.96,0.48,sell,176818288567842,1757015839073
1757015839.6528282,201.97,4.29,buy,394186459615688,1757015839073
1757015839.6528282,201.96,49.52,sell,1065615563505739,1757015839073
1757015839.6528282,201.96,1.0,sell,473154125824871,1757015839073
1757015839.6528282,201.96,0.49,sell,1114078866503856,1757015839073
1757015839.6528282,201.95,5.0,sell,121990665350846,1757015839073
1757015839.6528282,201.95,0.17,sell,114677540523695,1757015839073
1757015839.6528282,201.95,44.44,sell,19831356124482,1757015839073
1757015839.6528282,201.95,0.1,sell,96062149617365,1757015839073
1757015839.6528282,201.95,0.5,sell,333256685566591,1757015839073
1757015839.6528282,201.95,0.1,sell,1067850777909981,1757015839073
1757015839.6528282,201.94,86.99,sell,579566257861331,1757015839073
1757015839.6528282,201.94,3.96,sell,1043490477977637,1757015839073
1757015839.6528282,201.94,6.09,sell,413948735526057,1757015839073
1757015839.6528282,201.93,5.0,sell,265751355965352,1757015839073
1757015839.6528282,201.93,1.2,sell,455242778651201,1757015839073
1757015839.6528282,201.93,0.73,sell,235885263190436,1757015839073
1757015839.6528282,201.93,0.73,sell,498970177895736,1757015839073
1757015839.6528282,201.93,0.73,sell,390666729979704,1757015839073
1757015839.6528282,201.93,0.73,sell,212219277875227,1757015839073
1757015839.6528282,201.93,0.73,sell,251871681419586,1757015839073
1757015839.6528282,201.92,0.3,sell,874534611115414,1757015839073
1757015839.6528282,201.92,0.27,sell,248727682986712,1757015839073
1757015839.6528282,201.92,0.61,sell,782199187031157,1757015839073
1757015839.6528282,201.92,1.0,sell,1123945845802149,1757015839073
1757015839.6528282,201.91,5.0,sell,945754837916202,1757015839073
1757015839.6528282,201.91,10.0,sell,460349094797003,1757015839073
1757015839.6528282,201.9,2.25,sell,33147864829768,1757015839073
1757015839.6528282,201.9,0.61,sell,859647917930857,1757015839073
1757015839.6528282,201.9,56.02,sell,612942916229533,1757015839073
1757015839.6528282,201.9,43.98,sell,398580171645869,1757015839073
1757015839.6528282,201.9,4.95,sell,610353186298137,1757015839073
1757015839.6528282,201.9,12.45,sell,538003367573895,1757015839073
1757015839.6528282,201.9,0.51,sell,776769410896314,1757015839073
1757015839.6528282,201.9,0.5,sell,1012529936904850,1757015839073
1757015839.6528282,201.9,0.12,sell,518614579518897,1757015839073
1757015839.6528282,201.9,142.79,sell,512553483465337,1757015839073
1757015839.6528282,201.9,9.66,sell,956503216480047,1757015839073
1757015840.480209,201.9,0.06,sell,1036057114196358,1757015840070
1757015841.5853083,201.9,0.06,sell,42728792435934,1757015841000
1757015841.5853083,201.91,10.5,buy,57178717270014,1757015841139
1757015841.5853083,201.91,35.0,buy,960669782864852,1757015841139
1757015841.5853083,201.91,99.02,buy,855458579244874,1757015841139
1757015841.5853083,201.91,19.8,buy,57243141072666,1757015841139
1757015841.952437,201.9,2.8,sell,670932649838459,1757015841608
1757015842.4005957,201.91,7.44,buy,953663049245821,1757015842013
1757015842.4005957,201.91,32.46,buy,249302180279561,1757015842013
1757015842.4005957,201.9,0.3,sell,224427291911934,1757015842013
1757015842.4005957,201.9,16.78,sell,689403426872730,1757015842013
1757015842.4005957,201.9,44.6,sell,494529275202877,1757015842013
1757015842.4005957,201.9,17.89,sell,1085545031163519,1757015842013
1757015842.885977,201.91,66.57,buy,102469344648064,1757015842557
1757015842.885977,201.91,32.5,buy,581109052610462,1757015842557
1757015843.9799356,201.9,2.8,sell,270384040826173,1757015843629
1757015845.496914,201.9,0.06,sell,251790683651490,1757015845047
1757015845.5429165,201.91,0.2,buy,342316481521366,1757015845250
1757015846.4198496,201.9,0.06,sell,223577645488311,1757015846009
1757015847.0245538,201.91,0.39,buy,358208915109119,1757015846639
1757015847.961319,201.95,306.95,buy,1040178349660552,1757015847582
1757015847.961319,201.96,6.54,buy,495141073038608,1757015847582
1757015847.961319,201.97,6.34,buy,860968520099812,1757015847582
1757015847.961319,201.97,79.12,buy,989200719037931,1757015847582
1757015847.961319,201.97,19.29,buy,397731682022163,1757015847582
1757015847.961319,201.98,20.0,buy,266902891283847,1757015847582
1757015847.961319,201.98,25.0,buy,489219050407432,1757015847582
1757015847.961319,201.98,170.3,buy,299142818069995,1757015847582
1757015847.961319,201.98,77.15,buy,308957396987955,1757015847582
1757015847.961319,201.98,364.45,buy,605877219268010,1757015847582
1757015849.5727856,201.99,0.05,buy,1031793910841394,1757015849064
1757015850.4842815,201.99,0.06,sell,132948520523350,1757015850008
1757015850.4842815,202.01,0.19,sell,1034619170452947,1757015850096
1757015853.7155592,202.02,0.21,sell,521059902580535,1757015853350
1757015854.4685936,202.02,0.06,sell,560546805101952,1757015854053
1757015855.990696,202.02,1.04,sell,310030749417677,1757015855394
1757015856.5764916,202.02,4.95,sell,913633027882318,1757015856272
1757015857.5171516,202.02,0.12,sell,364306779977743,1757015857065
1757015857.5171516,202.02,0.27,sell,75913974188670,1757015857065
1757015857.5171516,202.01,0.49,sell,361661171608756,1757015857065
1757015857.7322648,201.94,3.64,sell,229229885759348,1757015857430
1757015858.8223808,201.95,68.19,buy,278224254067677,1757015858512
1757015858.8223808,201.95,30.8,buy,685677305306294,1757015858512
1757015859.145962,202.01,19.29,buy,932313980096669,1757015858908
1757015859.145962,202.01,9.92,buy,824623831947089,1757015858908
1757015859.145962,202.01,9.89,buy,616114100519088,1757015858908
1757015859.145962,202.01,9.91,buy,1004603367306059,1757015858908
1757015859.145962,202.01,0.14,buy,935351294744397,1757015858908
1757015859.6024022,202.01,1.1,sell,35463671206244,1757015859313
1757015859.7530017,202.01,1.4,sell,1079186275341066,1757015859541
1757015861.6036515,202.01,50.27,sell,141774462893762,1757015861263
1757015861.6036515,202.01,2.51,sell,911316820195627,1757015861263
1757015861.702208,202.02,0.14,buy,446741048174166,1757015861393
1757015865.2716563,202.07,19.29,buy,207542257100161,1757015864944
1757015865.2716563,202.07,0.86,buy,532198239811525,1757015864944
1757015865.4413207,202.06,0.06,sell,616131694684567,1757015865080
1757015866.4445367,202.06,0.06,sell,124704471272288,1757015866055
1757015867.4464753,202.06,0.04,sell,204022341717519,1757015867047
1757015868.2891827,202.01,0.06,sell,336099671370454,1757015868011
1757015869.3164046,202.01,0.06,sell,1050626800485287,1757015868976
1757015870.3409357,201.93,0.06,sell,977214880706957,1757015870033
1757015871.5235374,201.9,0.06,sell,461274025954216,1757015871059
1757015871.6781359,201.9,0.44,sell,127515899236098,1757015871232
1757015871.6781359,201.89,1.97,sell,528493257084689,1757015871232
1757015871.6781359,201.89,0.07,sell,967593519291525,1757015871232
1757015871.6781359,201.88,5.0,sell,185132902581048,1757015871232
1757015871.6781359,201.88,0.43,sell,644378871675889,1757015871232
1757015871.6781359,201.88,1.0,sell,39864440581333,1757015871232
1757015871.6781359,201.88,35.99,sell,682141934589245,1757015871232
1757015871.6781359,201.88,4.25,sell,431317720095118,1757015871232
1757015871.6781359,201.88,4.99,sell,627003306590591,1757015871232
1757015871.6781359,201.88,32.35,sell,760849735937062,1757015871232
1757015871.6781359,201.88,0.7,sell,687616006620348,1757015871232
1757015872.6217442,201.88,0.49,sell,475023821177495,1757015872343
1757015872.8278275,201.88,18.81,sell,218491367631005,1757015872411
1757015872.8278275,201.88,12.16,sell,437662452855124,1757015872411
1757015872.8278275,201.88,29.4,sell,879289961173550,1757015872411
1757015872.8278275,201.88,197.83,sell,945319698951956,1757015872411
1757015872.8278275,201.88,97.94,sell,534617209583338,1757015872411
1757015872.8278275,201.88,297.15,sell,106096846754376,1757015872411
1757015872.8278275,201.88,0.14,sell,47876254263709,1757015872411
1757015872.8278275,201.88,13.47,sell,547684567966056,1757015872411
1757015872.8278275,201.87,0.69,sell,1033648573039832,1757015872411
1757015872.8278275,201.87,5.99,sell,269021698810921,1757015872411
1757015872.8278275,201.87,70.81,sell,194688840057367,1757015872411
1757015872.8278275,201.87,10.83,sell,1097341297059598,1757015872411
1757015872.8278275,201.87,10.51,sell,306314220583145,1757015872411
1757015872.8278275,201.87,21.64,sell,494466385616554,1757015872411
1757015872.8278275,201.87,8.38,sell,308803552268804,1757015872411
1757015872.8278275,201.86,5.0,sell,499057800464213,1757015872411
1757015872.8278275,201.86,0.06,sell,798492483086837,1757015872411
1757015872.8278275,201.86,19.17,sell,566293942288088,1757015872411
1757015872.8278275,201.86,22.62,sell,491819669744305,1757015872411
1757015872.8278275,201.86,35.36,sell,1093637079200600,1757015872411
1757015872.8278275,201.86,37.24,sell,996568497798511,1757015872411
1757015872.8278275,201.86,7.23,sell,610704797056280,1757015872411
1757015872.8278275,201.86,6.47,sell,1072809432294806,1757015872411
1757015872.8278275,201.86,21.78,sell,558704968597686,1757015872411
1757015872.8278275,201.86,5.92,sell,7729548975542,1757015872411
1757015872.8278275,201.85,6.36,sell,233092881738378,1757015872411
1757015872.8278275,201.85,2.0,sell,187060618988105,1757015872411
1757015872.8278275,201.85,1.0,sell,953445044787402,1757015872411
1757015872.8278275,201.85,44.44,sell,871565285989161,1757015872411
1757015872.8278275,201.85,0.07,sell,776952192999598,1757015872411
1757015872.8278275,201.85,0.07,sell,167180692134321,1757015872411
1757015872.8278275,201.85,0.07,sell,154790711213071,1757015872411
1757015872.8278275,201.85,0.5,sell,631861272345174,1757015872411
1757015872.8278275,201.85,0.2,sell,808870291043183,1757015872411
1757015872.8278275,201.85,77.15,sell,642466923475957,1757015872411
1757015872.8278275,201.85,170.3,sell,871677204646525,1757015872411
1757015872.8278275,201.85,7.39,sell,759132505144970,1757015872411
1757015872.8278275,201.85,4.96,sell,869784243070817,1757015872411
1757015872.8278275,201.85,4.96,sell,590067774288147,1757015872411
1757015872.8278275,201.85,4.96,sell,663610242025970,1757015872411
1757015872.8278275,201.85,4.96,sell,954345020017362,1757015872411
1757015872.8278275,201.85,4.96,sell,1091602092765572,1757015872411
1757015872.8278275,201.85,4.96,sell,176120919582969,1757015872411
1757015872.8278275,201.85,4.96,sell,880930135144289,1757015872411
1757015872.8278275,201.85,4.96,sell,958278696779314,1757015872411
1757015872.8278275,201.85,4.96,sell,304892740410645,1757015872411
1757015872.8278275,201.85,4.96,sell,533666313719545,1757015872411
1757015872.8278275,201.85,4.96,sell,467221972304357,1757015872411
1757015872.8278275,201.85,4.96,sell,535024972067623,1757015872411
1757015872.8278275,201.85,5.0,sell,776146626711327,1757015872411
1757015872.8278275,201.85,5.0,sell,175420855281280,1757015872411
1757015872.8278275,201.85,5.0,sell,760544526809896,1757015872411
1757015872.8278275,201.85,5.0,sell,656020900401242,1757015872411
1757015872.8278275,201.85,5.0,sell,1056830569947086,1757015872411
1757015872.8278275,201.85,5.0,sell,689858483508368,1757015872411
1757015872.8278275,201.85,5.0,sell,1109004364011186,1757015872411
1757015872.8278275,201.85,4.96,sell,769480442059280,1757015872411
1757015872.8278275,201.85,5.0,sell,768702310994057,1757015872411
1757015872.8278275,201.85,5.0,sell,745154616396852,1757015872411
1757015872.8278275,201.85,5.0,sell,853834810866810,1757015872411
1757015872.8278275,201.85,4.96,sell,171324003293410,1757015872411
1757015872.8278275,201.85,5.0,sell,238880140393451,1757015872411
1757015872.8278275,201.85,5.0,sell,266308127510209,1757015872411
1757015872.8278275,201.85,4.96,sell,965547961762858,1757015872411
1757015872.8278275,201.85,4.96,sell,576253038445777,1757015872411
1757015872.8278275,201.85,297.2,sell,397986112644338,1757015872411
1757015872.8278275,201.85,27.0,sell,25653184058350,1757015872411
1757015872.8278275,201.85,148.71,sell,276106339359163,1757015872411
1757015872.8278275,201.85,211.65,sell,676334860095084,1757015872411
1757015872.8278275,201.85,93.57,sell,996624309712312,1757015872411
1757015872.8278275,201.84,6.35,sell,14008584080777,1757015872411
1757015872.8278275,201.84,57.04,sell,56248102316551,1757015872411
1757015872.8278275,201.84,5.0,sell,452371548737402,1757015872411
1757015872.8278275,201.84,1.0,sell,625972716020686,1757015872411
1757015872.8278275,201.84,77.15,sell,236318701365874,1757015872411
1757015872.8278275,201.84,47.3,sell,288200789426718,1757015872411
1757015872.8278275,201.84,70.81,sell,1011101099772853,1757015872411
1757015872.8278275,201.84,5.0,sell,177972445395782,1757015872411
1757015872.8278275,201.84,320.46,sell,506855155054350,1757015872411
1757015872.8278275,201.84,247.72,sell,1034800623425886,1757015872411
1757015872.8278275,201.84,7.32,sell,749457796247039,1757015872411
1757015872.8278275,201.84,5.0,sell,341464196892239,1757015872411
1757015872.8278275,201.84,4.96,sell,325830117435410,1757015872411
1757015872.8278275,201.84,4.96,sell,35981336799190,1757015872411
1757015872.8278275,201.84,27.0,sell,674631132126152,1757015872411
1757015872.8278275,201.84,284.23,sell,895339153835537,1757015872411
1757015872.8278275,201.84,5.0,sell,572830948061590,1757015872411
1757015872.8278275,201.84,772.42,sell,208443020881692,1757015872411
1757015872.8278275,201.84,594.29,sell,329434944754215,1757015872411
1757015872.8278275,201.84,0.49,sell,1103898517969752,1757015872411
1757015872.8278275,201.83,0.49,sell,140369030128455,1757015872411
1757015872.8278275,201.83,0.09,sell,46237388330855,1757015872411
1757015872.8278275,201.83,5.38,sell,527118383883453,1757015872411
1757015872.8278275,201.83,5.53,sell,754268874462826,1757015872411
1757015872.8278275,201.83,71.62,sell,938700583241888,1757015872411
1757015872.8278275,201.83,265.56,sell,754827129141768,1757015872411
1757015872.978966,201.84,12.59,buy,499350261080849,1757015872605
1757015873.0577798,201.84,12.5,buy,113333331189053,1757015872806
1757015873.7951813,201.84,1.55,buy,410978296000021,1757015873443
1757015874.248664,201.83,0.1,sell,743448557692085,1757015873842
1757015874.248664,201.83,0.24,sell,303983015799512,1757015873842
1757015874.248664,201.83,0.8,sell,107634519366143,1757015873842
1757015874.248664,201.83,0.97,sell,216495631688456,1757015873842
1757015874.248664,201.83,3.35,sell,75271755340061,1757015873842
1757015874.248664,201.84,38.94,buy,370842342710699,1757015873842
1757015874.248664,201.84,48.76,buy,1073679382593715,1757015873842
1757015874.248664,201.83,93.73,sell,994722279261417,1757015873842
1757015874.248664,201.82,0.89,sell,322708816341752,1757015873842
1757015874.248664,201.82,1.97,sell,819509527023382,1757015873842
1757015874.248664,201.82,0.63,sell,618584687284903,1757015873842
1757015874.248664,201.82,19.29,sell,923918277166436,1757015873842
1757015874.248664,201.81,5.0,sell,818943055818671,1757015873842
1757015874.248664,201.81,9.62,sell,446211702146202,1757015873842
1757015874.248664,201.81,6.66,sell,1007958299599483,1757015873842
1757015874.248664,201.81,46.75,sell,995354970619457,1757015873842
1757015874.248664,201.8,1.2,sell,662089812540609,1757015873842
1757015874.248664,201.8,24.77,sell,645834204598486,1757015873842
1757015874.248664,201.8,0.18,sell,889968585791439,1757015873842
1757015874.248664,201.8,1.0,sell,1060569516716131,1757015873842
1757015874.248664,201.8,24.68,sell,760864798912518,1757015873842
1757015874.248664,201.8,25.72,sell,294671224231982,1757015873842
1757015874.248664,201.8,0.5,sell,132183887412386,1757015873842
1757015874.248664,201.8,7.32,sell,213486458426863,1757015873842
1757015874.248664,201.8,247.77,sell,401960565359714,1757015873842
1757015874.248664,201.8,21.54,sell,97522557428503,1757015873842
1757015874.248664,201.8,6.69,sell,391067221851832,1757015873842
1757015874.248664,201.8,297.27,sell,1089926215150233,1757015873842
1757015874.248664,201.79,14.17,sell,1106557814516982,1757015873842
1757015874.248664,201.79,5.0,sell,61804608410473,1757015873842
1757015874.248664,201.79,4.61,sell,955742328814068,1757015873842
1757015874.248664,201.79,50.0,sell,445302284931820,1757015873842
1757015874.248664,201.79,1.0,sell,1053240298715365,1757015873842
1757015874.248664,201.79,7.5,sell,714014370855372,1757015873842
1757015874.248664,201.79,6.24,sell,428425018750580,1757015873842
1757015874.248664,201.79,13.47,sell,514983094464263,1757015873842
1757015874.248664,201.79,8.14,sell,664018175118248,1757015873842
1757015874.248664,201.79,49.13,sell,1775280584670,1757015873842
1757015874.248664,201.79,264.03,sell,581557892575086,1757015873842
1757015874.248664,201.79,7.39,sell,598816580858585,1757015873842
1757015874.248664,201.79,12.0,sell,120034874003853,1757015873842
1757015874.248664,201.79,1.38,sell,529472547789254,1757015873842
1757015874.248664,201.79,8.65,sell,1035132735468891,1757015873842
1757015874.248664,201.79,21.17,sell,408510364123009,1757015873842
1757015874.248664,201.79,5.92,sell,63676752895947,1757015873842
1757015874.248664,201.79,150.77,sell,246537964607954,1757015873842
1757015874.248664,201.79,526.25,sell,914242959074714,1757015873842
1757015874.248664,201.79,68.28,sell,558267125741610,1757015873842
1757015874.248664,201.78,1.0,sell,89444248160023,1757015873842
1757015874.248664,201.78,76.35,sell,913451841515269,1757015873842
1757015874.248664,201.78,256.33,sell,93337617012205,1757015873842
1757015874.248664,201.78,1598.04,sell,1125454140646735,1757015873842
1757015874.248664,201.78,27.74,sell,46845073203292,1757015873842
1757015875.221747,201.79,0.19,buy,553454826696966,1757015874845
1757015875.396272,201.78,0.06,sell,983932043017169,1757015875056
1757015875.396272,201.79,0.38,buy,388573704970039,1757015875056
1757015876.3671012,201.78,0.57,sell,959164291604380,1757015875913
1757015876.3671012,201.79,0.93,buy,818288022028383,1757015875913
1757015876.3671012,201.79,0.37,buy,677713989992288,1757015875913
1757015876.3671012,201.79,1.96,buy,421927611134759,1757015875913
1757015876.3671012,201.78,2.24,sell,901738114738932,1757015875913
1757015876.3671012,201.78,4.61,sell,166992430847838,1757015875913
1757015876.3671012,201.78,26.4,sell,423530466442531,1757015875913
1757015876.3671012,201.78,3.38,sell,758214694210178,1757015875913
1757015876.3671012,201.78,35.51,sell,957631016941747,1757015875913
1757015876.3671012,201.78,15.92,sell,312886743026666,1757015875913
1757015876.3671012,201.78,125.24,sell,988017621367667,1757015875913
1757015876.3671012,201.79,0.22,buy,987386524759755,1757015875913
1757015876.524036,201.78,0.06,sell,690058086278827,1757015876073
1757015876.589109,201.78,2.76,sell,748765407681866,1757015876267
1757015876.589109,201.79,0.07,buy,776340200187018,1757015876267
1757015876.589109,201.79,0.2,buy,673477382997839,1757015876267
1757015877.0286927,201.79,7.68,buy,919061922323267,1757015876665
1757015877.0286927,201.79,60.16,buy,148353740612631,1757015876665
1757015877.0286927,201.79,41.61,buy,920613072240052,1757015876665
1757015877.0286927,201.79,18.64,buy,536841633657458,1757015876665
1757015877.0423048,201.79,25.47,buy,417801187922768,1757015876789
1757015877.7386234,201.79,14.97,buy,731944031320421,1757015877453
1757015877.9513724,201.79,0.65,buy,341537211093894,1757015877595
1757015877.9513724,201.78,68.31,sell,839578209722341,1757015877595
1757015877.9513724,201.78,7.32,sell,972690736828842,1757015877595
1757015877.9513724,201.78,13.91,sell,571456838352117,1757015877595
1757015879.501065,201.87,0.05,buy,453258762576649,1757015879118
1757015879.680018,201.87,3.08,buy,847113331128648,1757015879204
1757015880.5768924,201.86,0.06,sell,470091984427514,1757015880043
1757015884.4844494,201.86,0.06,sell,140741286282585,1757015884077
1757015885.0052257,201.87,0.14,buy,613443009154145,1757015884603
1757015885.0884702,201.87,0.12,buy,224854360299816,1757015884717
1757015885.6341438,201.86,12.38,sell,804967335352901,1757015885311
1757015888.0452418,201.88,0.06,sell,418469850624782,1757015887636
1757015889.7116475,201.9,2.91,sell,686565639151857,1757015889413
1757015891.8098688,201.9,1.86,sell,206606248260611,1757015891193
1757015891.8098688,201.9,20.65,sell,524041746297223,1757015891193
1757015891.8098688,201.9,4.09,sell,721770912237359,1757015891193
1757015891.8098688,201.9,5.49,sell,15767217163217,1757015891193
1757015891.8098688,201.9,31.5,sell,54578747525734,1757015891193
1757015891.8098688,201.9,27.71,sell,611008931933273,1757015891193
1757015891.8098688,201.9,3.01,sell,1057987506472838,1757015891193
1757015910.0111368,201.86,12.38,sell,804967335352901,1757015885311
1757015910.0111368,201.88,0.06,sell,418469850624782,1757015887636
1757015910.0111368,201.9,2.91,sell,686565639151857,1757015889413
1757015910.0111368,201.9,1.86,sell,206606248260611,1757015891193
1757015910.0111368,201.9,20.65,sell,524041746297223,1757015891193
1757015910.0111368,201.9,4.09,sell,721770912237359,1757015891193
1757015910.0111368,201.9,5.49,sell,15767217163217,1757015891193
1757015910.0111368,201.9,31.5,sell,54578747525734,1757015891193
1757015910.0111368,201.9,27.71,sell,611008931933273,1757015891193
1757015910.0111368,201.9,3.01,sell,1057987506472838,1757015891193
1757015910.0111368,201.91,0.07,buy,764083601055604,1757015893704
1757015910.0111368,201.91,24.93,buy,703465602815146,1757015894316
1757015910.0111368,201.91,2.82,buy,580028686138074,1757015894316
1757015910.0111368,201.9,0.06,sell,521223107621779,1757015895051
1757015910.0111368,201.9,0.22,sell,798658147718730,1757015895051
1757015910.0111368,201.84,0.06,sell,129430085780483,1757015896003
1757015910.0111368,201.85,0.06,buy,83251253635822,1757015897554
1757015910.0111368,201.84,0.06,sell,454671805674717,1757015898035
1757015910.0111368,201.85,0.14,buy,1084470580509165,1757015899063
1757015910.0111368,201.89,0.06,sell,650207605470781,1757015900067
1757015910.0111368,201.9,0.06,sell,384453745461440,1757015901046
1757015910.0111368,201.91,0.23,buy,883916713933175,1757015901200
1757015910.0111368,201.91,0.23,buy,1074624903074793,1757015901200
1757015910.0111368,201.91,0.7,buy,478756692075665,1757015901200
1757015910.0111368,201.98,0.3,buy,1005522970782027,1757015902699
1757015910.0111368,201.97,0.06,sell,1059061784383830,1757015905053
1757015910.0111368,201.97,0.11,sell,11901672944359,1757015905156
1757015910.0111368,201.98,0.06,sell,1091132470101137,1757015906053
1757015910.0111368,201.98,0.73,sell,444933887072909,1757015908834
1757015910.0111368,201.99,0.05,buy,782553179046304,1757015909012
1757015910.470966,201.98,0.06,sell,1008073635082101,1757015910058
1757015912.443456,201.99,14.11,buy,600233271757566,1757015911938
1757015914.4276462,202.0,0.06,sell,300472411950869,1757015914020
1757015915.7640882,202.0,0.37,sell,1087016715092240,1757015915457
1757015918.0199606,201.94,1.04,sell,889838344244978,1757015917735
1757015918.675863,201.94,0.69,sell,923887234010212,1757015918393
1757015918.675863,201.94,3.5,sell,586518560036905,1757015918393
1757015918.675863,201.95,30.72,buy,746271394143030,1757015918393
1757015918.675863,201.95,35.0,buy,20415036301710,1757015918393
1757015918.675863,201.95,10.5,buy,486257131444432,1757015918393
1757015918.675863,201.95,22.85,buy,975797318158795,1757015918393
1757015920.8196187,201.95,2.62,buy,575622619936226,1757015920491
1757015922.6710348,201.95,0.28,buy,856312910387024,1757015922378
1757015925.6481543,201.94,0.06,sell,769885351430042,1757015925055
1757015925.6741695,201.95,0.14,buy,1006108225541037,1757015925160
1757015925.6741695,201.95,32.42,buy,1076724509866466,1757015925160
1757015925.6741695,201.95,24.75,buy,512556274885044,1757015925160
1757015925.6741695,201.96,124.9,buy,1007388294165145,1757015925160
1757015926.4112864,201.95,0.06,sell,748085144401539,1757015926031
1757015926.8598983,201.95,3.5,sell,290194433169093,1757015926513
1757015927.6024203,201.96,35.0,sell,438464253775891,1757015927241
1757015927.6024203,201.96,35.0,sell,372251129880510,1757015927241
1757015927.6024203,201.96,11.7,sell,340485887877077,1757015927241
1757015927.6024203,201.96,35.0,sell,129574491150868,1757015927241
1757015927.6024203,201.96,35.0,sell,1079676547619803,1757015927241
1757015927.6024203,201.96,99.03,sell,475450820412168,1757015927241
1757015927.6024203,201.96,11.7,sell,1004250098460882,1757015927241
1757015927.6024203,201.96,99.03,sell,994533625037939,1757015927241
1757015927.6024203,201.96,99.03,sell,249226060574106,1757015927241
1757015927.6024203,201.96,11.7,sell,105264434209137,1757015927241
1757015927.6024203,201.96,99.03,sell,210770407956949,1757015927241
1757015927.6024203,201.96,98.69,sell,113727191584648,1757015927241
1757015927.6024203,201.96,98.69,sell,709070574927539,1757015927241
1757015927.6024203,201.96,98.69,sell,383765465436757,1757015927241
1757015927.6024203,201.96,99.03,sell,229053239781323,1757015927241
1757015927.6024203,201.96,98.69,sell,660880924836636,1757015927241
1757015927.6024203,201.96,148.54,sell,551982860178697,1757015927241
1757015927.6024203,201.96,24.38,sell,504849109243088,1757015927241
1757015928.384508,201.98,0.06,sell,653847682957629,1757015928000
1757015930.4572837,201.99,0.06,sell,255519371089636,1757015930016
1757015931.6162992,201.98,0.06,sell,814704005297579,1757015931024
1757015935.3791094,201.95,0.06,sell,850278309502797,1757015935038
1757015936.5017605,201.95,0.06,sell,521152489999002,1757015936073
1757015939.380193,201.91,0.05,buy,912828187374169,1757015939059
1757015939.926259,201.91,2.2,buy,583386974934969,1757015939689
1757015940.0399275,201.91,0.11,buy,680244356043214,1757015939724
1757015940.3863995,201.9,0.06,sell,811829039287662,1757015940035
1757015940.7513041,201.89,5.92,sell,911891230577020,1757015940386
1757015940.7513041,201.88,6.67,sell,356882476759781,1757015940386
1757015940.7513041,201.88,10.51,sell,461596264090221,1757015940386
1757015940.7513041,201.87,0.33,sell,902889926361487,1757015940386
1757015941.2888045,201.87,0.28,sell,942053704121632,1757015940831
1757015944.3851225,201.87,0.06,sell,165213651634479,1757015944030
1757015948.756083,201.85,0.5,sell,1044961809804413,1757015948389
1757015948.756083,201.83,0.2,sell,418150349125972,1757015948389
1757015952.146048,201.8,0.2,sell,635974718902813,1757015951652
1757015953.5639966,201.81,50.0,buy,304060751285717,1757015953217
1757015953.7459457,201.8,0.3,sell,352263831636111,1757015953319
1757015953.7459457,201.8,1.9,sell,115862228980124,1757015953319
1757015954.0276704,201.81,74.29,buy,840249495923257,1757015953682
1757015955.3685122,201.8,0.06,sell,57048477113411,1757015955006
1757015955.3803222,201.8,0.2,sell,560688005067902,1757015955058
1757015956.2158227,201.77,0.3,sell,73734910891746,1757015955823
1757015956.4429183,201.8,0.06,sell,939209784718075,1757015956015
1757015956.535865,201.81,0.2,buy,1037486770825249,1757015956122
1757015956.535865,201.81,0.19,buy,134824572442534,1757015956122
1757015956.7543511,201.82,0.23,buy,574257461829422,1757015956333
1757015956.9071844,201.82,0.91,buy,935017478610252,1757015956396
1757015957.3632805,201.89,10.5,sell,737591139743002,1757015956858
1757015957.3632805,201.89,10.5,sell,634185149819860,1757015956858
1757015957.3632805,201.89,10.5,sell,999502230251884,1757015956858
1757015957.3632805,201.89,10.5,sell,199183493558933,1757015956858
1757015957.3632805,201.89,34.94,sell,615979452265002,1757015956858
1757015957.3632805,201.89,10.5,sell,325789548296300,1757015956858
1757015957.3632805,201.89,10.5,sell,80882779716239,1757015956858
1757015957.3632805,201.89,10.5,sell,164071107741919,1757015956858
1757015957.3632805,201.87,22.88,sell,855703299416634,1757015956858
1757015957.3632805,201.87,1854.92,sell,227977119774032,1757015956858
1757015957.3632805,201.86,22.88,sell,973756840564505,1757015956858
1757015957.3632805,201.86,106.47,sell,909914667136495,1757015956858
1757015957.3632805,201.86,191.65,sell,915518764027735,1757015956858
1757015957.3632805,201.86,56.51,sell,751613154171803,1757015956858
1757015957.3632805,201.86,45.35,sell,837796507794423,1757015956858
1757015957.3632805,201.85,56.54,sell,110403474299165,1757015956858
1757015957.3632805,201.85,56.54,sell,1004458550385051,1757015956858
1757015957.3632805,201.85,40.4,sell,868834083849282,1757015956858
1757015957.3632805,201.85,40.4,sell,103021683797032,1757015956858
1757015957.3632805,201.85,40.4,sell,1000063771342854,1757015956858
1757015957.3632805,201.85,22.88,sell,499784966727796,1757015956858
1757015957.3632805,201.85,40.4,sell,317245108339100,1757015956858
1757015957.3632805,201.85,45.35,sell,434032213001707,1757015956858
1757015957.3632805,201.85,45.35,sell,1049634404964588,1757015956858
1757015957.3632805,201.85,40.4,sell,456895501597898,1757015956858
1757015957.3632805,201.85,45.35,sell,206264267931415,1757015956858
1757015957.3632805,201.85,45.35,sell,1109595450736892,1757015956858
1757015957.3632805,201.85,45.35,sell,849617489154455,1757015956858
1757015957.3632805,201.85,56.52,sell,523078836565512,1757015956858
1757015957.3632805,201.85,106.48,sell,1078509443588595,1757015956858
1757015957.3632805,201.85,40.4,sell,236241555721836,1757015956858
1757015957.3632805,201.85,106.48,sell,197435083557976,1757015956858
1757015957.3632805,201.85,106.48,sell,976264590101747,1757015956858
1757015957.3632805,201.85,170.3,sell,791822607484741,1757015956858
1757015957.3632805,201.85,70.81,sell,616615308365369,1757015956858
1757015957.3632805,201.85,45.35,sell,467698353187765,1757015956858
1757015957.3632805,201.85,106.48,sell,945111774720954,1757015956858
1757015957.3632805,201.85,40.4,sell,1787744107132,1757015956858
1757015957.3632805,201.84,56.54,sell,217876707220175,1757015956858
1757015957.3632805,201.84,5.0,sell,99137568427799,1757015956858
1757015957.3632805,201.84,5.0,sell,78154412451918,1757015956858
1757015957.3632805,201.84,5.0,sell,496986664943980,1757015956858
1757015957.3632805,201.84,40.4,sell,6852835993020,1757015956858
1757015957.3632805,201.84,40.4,sell,156145229352217,1757015956858
1757015957.3632805,201.84,40.4,sell,831204421061259,1757015956858
1757015957.3632805,201.84,22.88,sell,619912428953172,1757015956858
1757015957.3632805,201.84,5.0,sell,721475288091091,1757015956858
1757015957.3632805,201.84,5.0,sell,571755874740263,1757015956858
1757015957.3632805,201.84,5.0,sell,893363881328729,1757015956858
1757015957.3632805,201.84,40.4,sell,141667172445012,1757015956858
1757015957.3632805,201.84,45.35,sell,974536122631965,1757015956858
1757015957.3632805,201.84,45.35,sell,944968732997916,1757015956858
1757015957.3632805,201.84,40.4,sell,737548829090561,1757015956858
1757015957.3632805,201.84,45.35,sell,750777238788484,1757015956858
1757015957.3632805,201.84,45.35,sell,1006088707569639,1757015956858
1757015957.3632805,201.84,56.52,sell,750016549930930,1757015956858
1757015957.3632805,201.84,106.48,sell,900247633373696,1757015956858
1757015957.3632805,201.84,40.4,sell,61158447735766,1757015956858
1757015957.3632805,201.84,106.48,sell,358652575568349,1757015956858
1757015957.3632805,201.84,106.48,sell,490983319261624,1757015956858
1757015957.3632805,201.84,5.0,sell,72860492823343,1757015956858
1757015957.3632805,201.84,5.0,sell,594918925356089,1757015956858
1757015957.3632805,201.84,12.47,sell,24564669704813,1757015956858
1757015957.3632805,201.84,5.0,sell,1067382055510202,1757015956858
1757015957.3632805,201.84,106.48,sell,812220230395352,1757015956858
1757015957.3632805,201.84,5.0,sell,71588431059758,1757015956858
1757015957.3632805,201.84,40.4,sell,99701980165844,1757015956858
1757015957.3632805,201.84,5.0,sell,161498931268325,1757015956858
1757015957.3632805,201.84,5.0,sell,220080061930175,1757015956858
1757015957.3632805,201.84,5.0,sell,607871763435194,1757015956858
1757015957.3632805,201.83,56.54,sell,49415101731946,1757015956858
1757015957.3632805,201.83,40.4,sell,957591455952837,1757015956858
1757015957.3632805,201.83,40.4,sell,522540015278694,1757015956858
1757015957.3632805,201.83,40.4,sell,929472162724156,1757015956858
1757015957.3632805,201.83,22.88,sell,1063483298100273,1757015956858
1757015957.3632805,201.83,12.48,sell,835814754004630,1757015956858
1757015957.3632805,201.83,40.4,sell,298601492547324,1757015956858
1757015957.3632805,201.83,45.35,sell,873119430030089,1757015956858
1757015957.3632805,201.83,45.35,sell,67350831413161,1757015956858
1757015957.3632805,201.83,40.4,sell,201653235197705,1757015956858
1757015957.3632805,201.83,45.35,sell,585699837027932,1757015956858
1757015957.3632805,201.83,45.35,sell,962165320870802,1757015956858
1757015957.3632805,201.83,106.49,sell,637868103649877,1757015956858
1757015957.3632805,201.83,40.4,sell,635114149464700,1757015956858
1757015957.3632805,201.83,106.49,sell,790772107770786,1757015956858
1757015957.3632805,201.83,106.49,sell,62565353533765,1757015956858
1757015957.3632805,201.83,20.8,sell,639244414208665,1757015956858
1757015957.3632805,201.83,191.65,sell,336236009127159,1757015956858
1757015957.3632805,201.83,12.48,sell,94871336509067,1757015956858
1757015957.3632805,201.82,56.55,sell,620666271485577,1757015956858
1757015957.3632805,201.82,40.4,sell,631886854627110,1757015956858
1757015957.3632805,201.82,40.4,sell,950782816622667,1757015956858
1757015957.3632805,201.82,40.4,sell,129527071856100,1757015956858
1757015957.3632805,201.82,22.88,sell,557607878705263,1757015956858
1757015957.3632805,201.82,20.8,sell,501241167352750,1757015956858
1757015957.3632805,201.82,40.4,sell,563135265820025,1757015956858
1757015957.3632805,201.82,45.35,sell,439632074895779,1757015956858
1757015957.3632805,201.82,45.35,sell,304384338854270,1757015956858
1757015957.3632805,201.82,40.4,sell,279023919356587,1757015956858
1757015957.3632805,201.82,45.35,sell,57330646848748,1757015956858
1757015957.3632805,201.82,45.35,sell,462340046573379,1757015956858
1757015957.3632805,201.82,106.49,sell,1119080876322999,1757015956858
1757015957.3632805,201.82,106.49,sell,739585695710541,1757015956858
1757015957.3632805,201.82,29.12,sell,767651887801292,1757015956858
1757015957.3632805,201.82,52.55,sell,203872834517960,1757015956858
1757015957.3632805,201.82,20.8,sell,6759080919853,1757015956858
1757015957.3632805,201.81,99.11,sell,692167436482823,1757015956858
1757015957.3632805,201.81,34.94,sell,718571214441833,1757015956858
1757015957.3632805,201.81,34.94,sell,754762365463540,1757015956858
1757015957.3632805,201.81,4.96,sell,273351729500582,1757015956858
1757015957.3632805,201.81,29.13,sell,267556818981268,1757015956858
1757015957.3632805,201.81,4.96,sell,32008114492715,1757015956858
1757015957.3632805,201.81,10.5,sell,76343521002083,1757015956858
1757015957.3632805,201.81,4.96,sell,881261227257927,1757015956858
1757015957.3632805,201.81,56.55,sell,726004567467945,1757015956858
1757015957.3632805,201.81,4.96,sell,823709628735923,1757015956858
1757015957.3632805,201.81,4.96,sell,954662702947804,1757015956858
1757015957.3632805,201.81,4.96,sell,757533060866730,1757015956858
1757015957.3632805,201.81,4.96,sell,629869857423726,1757015956858
1757015957.3632805,201.81,40.4,sell,536803542993116,1757015956858
1757015957.3632805,201.81,40.4,sell,708302663852479,1757015956858
1757015957.3632805,201.81,40.4,sell,663354342968989,1757015956858
1757015957.3632805,201.81,22.88,sell,674816886830862,1757015956858
1757015957.3632805,201.81,29.12,sell,303090881779798,1757015956858
1757015957.3632805,201.81,40.4,sell,23206645135475,1757015956858
1757015957.3632805,201.81,45.36,sell,970403106749354,1757015956858
1757015957.3632805,201.81,270.56,sell,781502426889934,1757015956858
1757015957.3632805,201.81,45.36,sell,213153631912283,1757015956858
1757015957.3632805,201.81,4.96,sell,625419147725223,1757015956858
1757015957.3632805,201.81,4.96,sell,1086761058799558,1757015956858
1757015957.3632805,201.81,4.96,sell,484351170522357,1757015956858
1757015957.3632805,201.81,4.96,sell,234484051681181,1757015956858
1757015957.3632805,201.81,4.96,sell,125445428102773,1757015956858
1757015957.3632805,201.81,40.4,sell,987326532495373,1757015956858
1757015957.3632805,201.81,45.36,sell,102445051450756,1757015956858
1757015957.3632805,201.81,45.36,sell,705823000029594,1757015956858
1757015957.3632805,201.81,4.96,sell,70065984908880,1757015956858
1757015957.3632805,201.81,106.5,sell,647781874286204,1757015956858
1757015957.3632805,201.81,148.65,sell,1071851379820141,1757015956858
1757015957.3632805,201.81,197.46,sell,921694549119815,1757015956858
1757015957.3632805,201.81,4.96,sell,432457584540128,1757015956858
1757015957.3632805,201.81,34.94,sell,170383655527247,1757015956858
1757015957.3632805,201.81,4.96,sell,779337573269002,1757015956858
1757015957.3632805,201.81,4.96,sell,804038384232757,1757015956858
1757015957.3632805,201.81,106.5,sell,607977403875416,1757015956858
1757015957.3632805,201.81,13.32,sell,591346583583139,1757015956858
1757015957.3632805,201.81,297.19,sell,973602670891014,1757015956858
1757015957.3632805,201.81,297.22,sell,717192750693818,1757015956858
1757015957.3632805,201.81,297.16,sell,885361715330205,1757015956858
1757015957.3632805,201.81,87.2,sell,115875825638404,1757015956858
1757015957.3632805,201.81,594.49,sell,398552426747328,1757015956858
1757015957.3632805,201.81,594.31,sell,332409607768321,1757015956858
1757015957.3632805,201.81,594.43,sell,18294735806410,1757015956858
1757015957.3632805,201.81,4.96,sell,1078310170334245,1757015956858
1757015957.3632805,201.81,704.68,sell,466168613465980,1757015956858
1757015957.3632805,201.81,4.96,sell,359330726237821,1757015956858
1757015957.3632805,201.81,4.96,sell,655746154107060,1757015956858
1757015957.3632805,201.81,4.96,sell,135554470929501,1757015956858
1757015957.3632805,201.81,4.96,sell,1011478878417026,1757015956858
1757015957.3632805,201.81,29.12,sell,399988383679377,1757015956858
1757015957.3632805,201.81,24.77,sell,141195585952054,1757015956858
1757015957.3632805,201.81,27.0,sell,85706854696826,1757015956858
1757015957.3632805,201.81,197.98,sell,517644379809885,1757015956858
1757015957.3632805,201.81,35.8,sell,386621277777308,1757015956858
1757015957.3632805,201.81,4.96,sell,85786445493458,1757015956858
1757015957.3632805,201.81,4.96,sell,556254916407175,1757015956858
1757015957.3632805,201.81,4.96,sell,996793301312479,1757015956858
1757015957.3632805,201.81,20.0,sell,1016710677210904,1757015956858
1757015957.3632805,201.81,25.0,sell,923648041051220,1757015956858
1757015957.3632805,201.81,22.88,sell,945065848112396,1757015956858
1757015957.3632805,201.81,5.02,sell,1077681393057467,1757015956858
1757015957.3632805,201.81,4.96,sell,79966220702861,1757015956858
1757015957.3632805,201.81,4.96,sell,112516633937911,1757015956858
1757015957.403908,201.81,8.59,buy,588302255282297,1757015956941
1757015957.5649238,201.81,7.92,buy,993606706351256,1757015957150
1757015958.5036588,201.81,10.9,buy,898154212067935,1757015957968
