timestamp,price,size,side,trade_id,exchange_timestamp
1757015216.869935,4266.9,0.0096,buy,965165769510088,1757015207737
1757015216.869935,4266.9,0.0243,buy,84794887155905,1757015207737
1757015216.869935,4266.9,0.0287,buy,91361257853667,1757015207831
1757015216.869935,4267.1,0.0219,buy,194350272435447,1757015207916
1757015216.869935,4267.1,0.0071,buy,1119315495845228,1757015207916
1757015216.869935,4267.1,0.2441,buy,930247260596698,1757015207916
1757015216.869935,4267.1,0.0055,buy,39103327237058,1757015208219
1757015216.869935,4267.1,0.0428,buy,824795381273494,1757015208219
1757015216.869935,4267.1,0.02,buy,704209008820534,1757015208470
1757015216.869935,4267.1,0.0505,buy,459480325121143,1757015208470
1757015216.869935,4267.1,0.0025,buy,319051355191066,1757015208651
1757015216.869935,4267.1,0.0035,buy,747849444151149,1757015208869
1757015216.869935,4267.1,0.0107,buy,815736101064504,1757015209261
1757015216.869935,4267.6,1.1376,sell,288178753042338,1757015210116
1757015216.869935,4267.7,0.0038,buy,78566447395387,1757015210245
1757015216.869935,4267.6,0.0028,sell,698692360233987,1757015211092
1757015216.869935,4267.7,0.0043,buy,276087341405621,1757015211340
1757015216.869935,4267.7,0.0351,buy,942616034212546,1757015211340
1757015216.869935,4267.7,1.4287,buy,620047733472423,1757015211340
1757015216.869935,4267.7,1.7975,buy,91381969533969,1757015211504
1757015216.869935,4268.3,0.0028,sell,531171213832752,1757015212098
1757015216.869935,4268.3,3.2878,sell,822899768668377,1757015212578
1757015216.869935,4268.3,0.2281,sell,360959688034230,1757015212578
1757015216.869935,4268.4,0.2,buy,715465657103686,1757015213400
1757015216.869935,4268.5,0.0351,buy,721759627934557,1757015213601
1757015216.869935,4268.5,0.0541,buy,2742572108462,1757015213601
1757015216.869935,4269.0,0.0038,buy,165403715370673,1757015214407
1757015216.869935,4268.9,0.6602,sell,1056356828895850,1757015215105
1757015216.869935,4269.0,0.8616,buy,928191986844177,1757015215414
1757015216.869935,4269.0,0.0035,buy,424779483284395,1757015215581
1757015216.9974003,4268.9,2.338,sell,664477935311385,1757015216528
1757015217.1651921,4268.9,0.015,buy,1020388405916687,1757015216728
1757015217.2344,4268.8,0.0234,sell,557499693478338,1757015216810
1757015217.2344,4268.8,0.069,sell,187442045427338,1757015216810
1757015217.2344,4268.8,0.0541,sell,39145503402605,1757015216810
1757015217.2344,4268.7,0.272,sell,289225422267930,1757015216810
1757015217.5057943,4268.1,0.0049,buy,180017854631367,1757015217063
1757015217.5057943,4268.0,0.0048,sell,849963249463985,1757015217063
1757015217.8316593,4268.1,1.6162,buy,86492778626849,1757015217424
1757015217.8316593,4268.1,0.3838,buy,121685024053779,1757015217424
1757015218.1027663,4268.1,0.106,buy,506826149221431,1757015217788
1757015218.1027663,4268.0,0.0035,sell,249895750433368,1757015217788
1757015218.4863973,4268.1,0.0058,buy,738222261434814,1757015218073
1757015218.4964085,4268.0,0.0045,sell,1017078329233432,1757015218166
1757015219.0552416,4268.1,0.136,buy,694506481355783,1757015218672
1757015220.294303,4268.1,2.0,buy,582724281110819,1757015219736
1757015220.619787,4268.1,0.166,buy,18178958964736,1757015220081
1757015221.0512168,4268.1,0.0404,buy,532685491640352,1757015220550
1757015221.0512168,4268.1,0.1171,buy,65972414823240,1757015220550
1757015221.0512168,4268.1,2.1805,buy,679943744543097,1757015220550
1757015221.1480856,4268.1,0.0067,buy,275924020013694,1757015220604
1757015221.1764343,4268.1,0.1686,buy,478259160566317,1757015220780
1757015221.1764343,4268.1,4.2587,buy,1004672121075195,1757015220780
1757015221.3586574,4268.1,2.338,buy,791797865852059,1757015220995
1757015223.2806416,4268.2,0.0112,buy,235179311623615,1757015222884
1757015223.2806416,4268.2,0.0292,buy,472913451254605,1757015222884
1757015223.3008215,4268.3,0.0112,buy,1074226417997294,1757015222950
1757015223.450121,4268.3,0.004,buy,90936487337757,1757015223057
1757015224.1231217,4268.2,0.8988,sell,544268795438091,1757015223753
1757015225.5302036,4268.3,0.0252,buy,720349850351206,1757015224469
1757015225.5302036,4268.3,0.0137,buy,132084906204711,1757015224469
1757015225.5302036,4268.3,0.015,buy,885832657592465,1757015224469
1757015226.6208448,4268.3,0.0027,buy,363290944237997,1757015226113
1757015227.4803355,4268.2,0.0585,sell,230599074374869,1757015227037
1757015228.418372,4268.8,0.0035,buy,776603396935621,1757015228026
1757015228.418372,4268.7,0.0304,sell,754737480317335,1757015228026
1757015231.5687034,4268.6,0.084,buy,453375211902143,1757015231287
1757015232.8303523,4268.4,0.1757,buy,356330919964712,1757015232496
1757015233.1617794,4268.4,2.0,buy,229735400727548,1757015232838
1757015233.2239382,4268.4,0.042,buy,583850042507633,1757015232901
1757015233.6593328,4268.4,0.0586,buy,817374804195020,1757015233389
1757015234.1895983,4268.3,0.0086,sell,476096373483635,1757015233902
1757015234.3897722,4268.3,0.0564,sell,622510043146119,1757015234043
1757015235.433256,4268.4,0.0545,buy,160192017699975,1757015234712
1757015235.433256,4268.4,0.014,buy,720791584103970,1757015234922
1757015235.6143696,4268.4,0.0035,buy,80033184841290,1757015235147
1757015236.821986,4268.4,0.005,buy,787153110155898,1757015236534
1757015237.888552,4268.4,0.0391,buy,240985352543751,1757015237586
1757015237.888552,4268.4,0.0154,buy,693028501592059,1757015237586
1757015238.4982507,4268.4,0.1673,buy,1020275904558397,1757015238175
1757015238.4982507,4268.4,0.5801,buy,598703952883744,1757015238175
1757015238.6301484,4268.4,0.0043,buy,1068954075369122,1757015238321
1757015239.764673,4268.4,0.0065,buy,882650480981158,1757015239447
1757015240.7474093,4268.4,4.4357,buy,395096181390278,1757015239764
1757015240.7474093,4268.4,0.0112,buy,846779730858377,1757015239865
1757015240.7474093,4268.4,4.3203,buy,855230090504299,1757015239865
1757015240.7474093,4268.4,0.242,buy,850846383702279,1757015239865
1757015240.7474093,4268.5,0.0391,buy,962881341306476,1757015239865
1757015240.7474093,4268.7,0.6234,buy,946547711536626,1757015239865
1757015240.7474093,4268.9,0.6446,buy,885700990755594,1757015239865
1757015240.7474093,4268.9,0.1171,buy,882185796129188,1757015239865
1757015240.7474093,4269.1,9.0135,buy,327659664854257,1757015239865
1757015240.9606574,4269.2,0.2549,buy,656243340409394,1757015240583
1757015240.9606574,4269.2,1.2157,buy,123946964277807,1757015240583
1757015240.9606574,4269.2,0.5294,buy,247341064534131,1757015240583
1757015241.4884567,4269.1,0.0028,sell,366590204020345,1757015241081
1757015242.4896393,4268.5,0.0028,sell,745490851561662,1757015242062
1757015242.699492,4268.6,0.021,buy,1054965522854373,1757015242419
1757015243.0775516,4268.6,0.1171,buy,463157487744581,1757015242715
1757015243.5048227,4268.6,0.0391,buy,806668652152841,1757015243072
1757015243.5048227,4268.6,0.0154,buy,708866835511528,1757015243072
1757015243.5048227,4268.6,0.0298,buy,188723813890647,1757015243072
1757015245.492351,4268.7,0.0218,buy,780483579448726,1757015244870
1757015245.8618839,4268.7,0.0173,buy,351248571195543,1757015245441
1757015245.8618839,4268.8,0.0372,buy,268556985533786,1757015245441
1757015247.158087,4268.7,0.0449,sell,200048456942688,1757015246679
1757015247.317171,4268.8,0.0019,buy,472949710147515,1757015246805
1757015247.3433163,4269.4,0.0026,buy,340682407852424,1757015246848
1757015247.3433163,4269.4,0.0043,buy,998969312956902,1757015246848
1757015247.3433163,4269.5,0.0229,buy,674825717966202,1757015246848
1757015247.5861032,4269.5,0.0048,buy,392463433951767,1757015247037
1757015247.5861032,4269.3,0.0048,sell,623315977082370,1757015247037
1757015247.6545086,4269.5,0.0894,buy,252644188985394,1757015247121
1757015247.6545086,4269.7,1.1798,buy,530482627140179,1757015247121
1757015247.6545086,4269.7,0.0522,buy,916213229707613,1757015247121
1757015247.6545086,4269.8,0.3501,buy,178263046645750,1757015247121
1757015248.5370204,4269.8,0.0059,buy,704529470042623,1757015248057
1757015250.952405,4269.7,0.0054,sell,494615028267017,1757015250525
1757015253.1279233,4269.8,0.0298,buy,335751533062182,1757015252752
1757015253.234722,4269.8,0.0415,buy,778144100851151,1757015252953
1757015254.5515103,4269.8,0.004,buy,941352838586941,1757015254161
1757015254.8134625,4269.8,0.0371,buy,579994025917557,1757015254433
1757015254.8134625,4270.0,0.1829,buy,252530658191993,1757015254433
1757015255.763003,4269.9,2.3593,sell,621478919981224,1757015254859
1757015255.763003,4269.9,2.3593,sell,234969285079608,1757015254859
1757015255.763003,4269.9,2.3593,sell,165425984695308,1757015254859
1757015255.763003,4269.9,2.3593,sell,809969612540754,1757015254859
1757015255.763003,4269.9,2.3593,sell,950085464525647,1757015254859
1757015255.763003,4269.9,2.3593,sell,168042231512367,1757015254859
1757015255.763003,4269.9,2.3593,sell,1103026769712781,1757015254859
1757015255.763003,4269.9,0.4323,sell,1017542830976415,1757015254859
1757015255.763003,4269.9,0.4323,sell,915389864704161,1757015254859
1757015255.763003,4269.9,0.4323,sell,84822780949755,1757015254859
1757015255.763003,4269.9,0.4323,sell,123016926058724,1757015254859
1757015255.763003,4269.9,0.4323,sell,401003102450779,1757015254859
1757015255.763003,4269.9,2.3593,sell,1110345645779075,1757015254859
1757015255.763003,4269.9,3.8676,sell,918467490937155,1757015254859
1757015255.763003,4269.9,15.0965,sell,823942402561295,1757015254859
1757015256.5838072,4269.5,0.0427,buy,913956405480830,1757015256292
1757015256.5838072,4269.5,0.0118,buy,214228268758270,1757015256292
1757015256.8281298,4269.2,4.6841,buy,764427942925928,1757015256435
1757015256.8281298,4269.2,4.6856,buy,189979495891893,1757015256435
1757015256.8281298,4269.2,5.474,buy,81529897729928,1757015256435
1757015257.3309782,4268.7,0.0298,buy,279040446819480,1757015256865
1757015257.3309782,4268.7,0.0027,buy,151593791406678,1757015256865
1757015257.5396633,4268.6,0.018,sell,921891607350473,1757015257065
1757015257.5396633,4268.6,0.0046,sell,993285344884103,1757015257065
1757015257.5396633,4268.6,0.0359,sell,455471277226101,1757015257065
1757015257.6913939,4268.7,0.011,buy,1020319732102683,1757015257358
1757015258.0781133,4268.6,0.0035,sell,1019202387753536,1757015257700
1757015258.3946388,4268.7,0.0035,buy,391479894337416,1757015258030
1757015258.3946388,4268.6,0.0304,sell,187456477053549,1757015258030
1757015258.724826,4268.7,0.0545,buy,1026737898309815,1757015258454
1757015260.9916594,4268.7,0.0317,buy,1029254059572528,1757015260678
1757015260.9916594,4268.7,1.7848,buy,486136518847989,1757015260678
1757015260.9916594,4268.7,0.5484,buy,110715941723114,1757015260678
1757015260.9916594,4268.7,0.0139,buy,1068702866341311,1757015260678
1757015260.9916594,4268.7,1.1612,buy,997865436466778,1757015260678
1757015261.4058673,4268.8,0.0427,buy,897448402053796,1757015260989
1757015262.6890304,4268.9,0.0427,buy,828283944540979,1757015262280
1757015262.6890304,4268.9,0.3489,buy,920318000003293,1757015262280
1757015263.073021,4268.8,0.0298,buy,569817382127597,1757015262703
1757015264.2099895,4268.7,0.1688,buy,1021571547119625,1757015263872
1757015264.4513297,4268.6,0.0688,sell,184577180183249,1757015264053
1757015264.4513297,4268.6,0.0109,sell,92955467615990,1757015264053
1757015268.5890682,4268.7,10.0,buy,532213149400897,1757015266230
1757015268.5890682,4268.7,10.0,buy,81091097263267,1757015266230
1757015268.5890682,4268.7,5.0,buy,313737781674233,1757015266230
1757015268.5890682,4268.7,10.0,buy,327013272548909,1757015266230
1757015268.5890682,4268.7,7.0,buy,946263360216012,1757015266230
1757015268.5890682,4268.7,5.0,buy,343287107676281,1757015266230
1757015268.5890682,4268.7,10.0,buy,144488438024721,1757015266230
1757015268.5890682,4268.7,5.0,buy,636460220302303,1757015266230
1757015268.5890682,4268.7,0.1768,buy,450560353265661,1757015266230
1757015268.5890682,4268.7,12.8845,buy,531556725305375,1757015266230
1757015268.5890682,4268.7,2.3425,buy,1004021380043129,1757015266230
1757015268.5890682,4268.7,0.8267,buy,707239644010560,1757015266230
1757015268.5890682,4268.7,11.7115,buy,607750170362880,1757015266230
1757015268.5890682,4268.7,3.5139,buy,871180461526596,1757015266230
1757015268.5890682,4268.7,11.7132,buy,716155600513909,1757015266230
1757015268.5890682,4268.7,0.242,buy,547682798236404,1757015266230
1757015268.5890682,4268.7,1.2848,buy,401103776093092,1757015266230
1757015268.5890682,4268.7,0.4598,buy,784663530354831,1757015266230
1757015268.5890682,4268.7,0.6182,buy,37843092320875,1757015266230
1757015268.5890682,4268.7,1.169,buy,502222395452853,1757015266230
1757015268.5890682,4268.7,5.8559,buy,60122999973570,1757015266230
1757015268.5890682,4268.8,7.547,buy,747018184367558,1757015266230
1757015268.5890682,4268.8,0.1171,buy,65892058942733,1757015266230
1757015268.5890682,4268.8,0.5656,buy,553573080407964,1757015266230
1757015268.5890682,4268.8,0.241,buy,11848809421047,1757015266230
1757015268.5890682,4268.8,0.5308,buy,908475781461109,1757015266230
1757015268.5890682,4268.8,3.5138,buy,139361472557575,1757015266230
1757015268.5890682,4268.8,0.2899,buy,823294733345809,1757015266230
1757015268.5890682,4268.9,5.5,buy,1034211973621617,1757015266230
1757015268.5890682,4268.9,3.5137,buy,643575278568486,1757015266230
1757015268.5890682,4268.9,0.8767,buy,389206436198922,1757015266230
1757015268.5890682,4269.0,0.241,buy,804754371659290,1757015266230
1757015268.5890682,4269.0,2.3713,buy,1114914574913606,1757015266230
1757015268.5890682,4269.0,137.0838,buy,7622703526733,1757015266230
1757015268.5890682,4269.0,3.0466,buy,437388169933405,1757015266230
1757015268.7666488,4269.0,0.0545,buy,436376611271302,1757015267343
1757015268.7666488,4269.0,0.0298,buy,534248195604639,1757015267343
1757015268.7764132,4269.0,0.12,buy,433598267880209,1757015267420
1757015270.529597,4268.4,0.0427,buy,311259615648867,1757015269957
1757015270.529597,4268.4,0.0118,buy,499127061586361,1757015269957
1757015270.8525443,4268.4,0.0427,buy,825439858439375,1757015270310
1757015270.8525443,4268.4,0.0427,buy,936234178868522,1757015270310
1757015271.7308877,4268.5,0.0298,buy,111510940564729,1757015271392
1757015271.8156686,4268.5,0.0129,buy,483793693191264,1757015271486
1757015271.8156686,4268.5,0.0427,buy,1077916176165383,1757015271486
1757015271.8156686,4268.6,0.0427,buy,437757176424271,1757015271486
1757015272.4514568,4269.1,0.0028,sell,777110318488327,1757015272016
1757015272.4514568,4269.1,0.0028,sell,159857447173442,1757015272016
1757015273.8507605,4269.6,0.0298,buy,975076260963309,1757015273544
1757015274.0299363,4269.6,0.0545,buy,24533475819119,1757015273740
1757015277.326439,4269.6,0.0298,buy,270364247379132,1757015276904
1757015277.326439,4269.6,0.0545,buy,827190638496108,1757015276904
1757015277.4642632,4269.6,0.0049,buy,639912730548681,1757015277025
1757015277.4642632,4269.5,0.0047,sell,243235321902094,1757015277025
1757015278.2571106,4269.5,0.32,sell,74649309634964,1757015277922
1757015278.4117298,4269.6,0.0058,buy,758293025736389,1757015278026
1757015279.6635628,4269.6,0.0298,buy,1072169074256020,1757015279381
1757015281.4228108,4269.7,1.4052,sell,380291925493987,1757015281025
1757015281.4228108,4269.5,0.9369,sell,663130333029798,1757015281025
1757015283.0078878,4269.6,0.0609,buy,661239421424203,1757015282644
1757015283.4479887,4269.6,0.015,buy,954644060850302,1757015283107
1757015284.123481,4269.7,2.3421,sell,1038224442374138,1757015283762
1757015284.3711934,4269.8,0.004,buy,322604780207144,1757015284000
1757015284.58683,4269.8,0.4752,buy,687607022721123,1757015284217
1757015284.756209,4269.7,0.0045,sell,799827207873375,1757015284490
1757015287.5228088,4269.9,0.0584,sell,454952332361162,1757015287028
1757015288.5455248,4270.0,0.0034,buy,402285966636661,1757015288030
1757015288.5455248,4269.9,0.0305,sell,1079035308709286,1757015288030
1757015288.719351,4270.0,10.7109,buy,541380227745933,1757015288256
1757015288.719351,4270.0,8.7832,buy,492112469903275,1757015288256
1757015291.5577366,4270.1,1.3,buy,147731820226817,1757015290727
1757015291.6774566,4271.0,0.0046,buy,377867652840129,1757015290905
1757015291.6774566,4271.1,0.1454,buy,407295109094626,1757015290905
1757015291.6779807,4271.1,0.152,buy,33619718635182,1757015290983
1757015291.6779807,4271.1,0.145,buy,328537735954898,1757015290983
1757015291.6779807,4271.1,0.2031,buy,579957118650871,1757015290983
1757015291.6779807,4271.2,0.0319,buy,505115849408772,1757015290983
1757015291.6922338,4271.2,0.0368,buy,213866966329221,1757015291071
1757015291.6922338,4271.4,0.0222,buy,548358514579856,1757015291071
1757015291.6922338,4271.4,0.121,buy,1091795073060064,1757015291071
1757015291.6922338,4271.4,0.12,buy,1090993870830413,1757015291071
1757015291.6922338,4271.4,0.001,buy,619846786571263,1757015291071
1757015291.6922338,4271.5,0.144,buy,666342519380609,1757015291071
1757015291.6922338,4271.5,0.152,buy,943642891093818,1757015291071
1757015291.6922338,4271.5,0.145,buy,958568570248409,1757015291071
1757015291.6922338,4271.5,0.145,buy,488156247583276,1757015291071
1757015291.7141082,4271.5,0.145,buy,50017958955262,1757015291209
1757015291.7141082,4271.5,0.24,buy,648432437947512,1757015291209
1757015291.7141082,4271.5,0.24,buy,446456656864898,1757015291209
1757015291.7141082,4271.5,0.13,buy,631365130493166,1757015291209
1757015291.984443,4271.5,0.145,buy,186109166529341,1757015291286
1757015291.984443,4271.5,0.145,buy,755838406367069,1757015291286
1757015291.984443,4271.5,0.145,buy,378548507719154,1757015291286
1757015291.984443,4271.5,0.145,buy,858439956079542,1757015291286
1757015291.984443,4271.5,0.24,buy,789975054697717,1757015291286
1757015291.984443,4271.5,0.2,buy,200044044906328,1757015291286
1757015291.984443,4271.5,0.145,buy,698961804678862,1757015291286
1757015292.6534235,4271.5,0.14,buy,925420962380679,1757015292299
1757015294.4423108,4271.2,0.0789,sell,105354399820926,1757015294022
1757015296.258557,4271.0,0.004,sell,1042835325399270,1757015295314
1757015299.2516673,4270.0,0.0711,sell,917136323030096,1757015298893
1757015299.4247015,4269.8,0.0687,sell,688001464171463,1757015298987
1757015299.4247015,4269.3,0.0375,sell,282348592155490,1757015298987
1757015302.6052063,4269.3,0.0028,sell,889067902819751,1757015302105
1757015302.6052063,4269.3,0.0028,sell,693561750410930,1757015302105
1757015303.5529768,4269.4,0.0063,buy,521477995014444,1757015303132
1757015303.8152275,4269.4,2.7609,buy,295399007066562,1757015303535
1757015304.7911286,4269.4,0.0102,buy,666297217609998,1757015304349
1757015306.3252125,4269.3,0.4253,sell,471273095858565,1757015305455
1757015306.3252125,4269.2,0.3052,sell,703532055478153,1757015305455
1757015306.3252125,4269.2,0.2492,sell,814870227866329,1757015305455
1757015306.3252125,4269.2,0.1171,sell,651430414109164,1757015305455
1757015306.3252125,4269.1,5.8549,sell,642952022691136,1757015305455
1757015306.3252125,4269.0,0.0653,sell,872012223319418,1757015305455
1757015306.3252125,4269.0,0.0745,sell,379662165060787,1757015305455
1757015306.3252125,4269.0,0.2409,sell,506988282246917,1757015305455
1757015306.3252125,4269.0,1.9486,sell,294829237872237,1757015305455
1757015307.4483173,4269.1,0.0049,buy,980272325936093,1757015307014
1757015307.4483173,4269.0,0.0048,sell,595651086490132,1757015307014
1757015307.96214,4269.0,0.0105,sell,380427402056530,1757015307593
1757015307.96214,4269.1,0.0038,buy,735102136482597,1757015307593
1757015307.96214,4269.1,0.0663,buy,888348158702546,1757015307593
1757015307.96214,4269.1,4.6198,buy,890991075294306,1757015307593
1757015307.96214,4269.1,4.778,buy,465245824899274,1757015307593
1757015307.96214,4269.1,0.0033,buy,625895615750401,1757015307593
1757015307.96214,4269.1,0.6766,buy,520923730044655,1757015307593
1757015308.5172336,4270.1,0.0058,buy,647026953227845,1757015308047
1757015309.1458724,4270.1,1.7785,buy,239725972818457,1757015308719
1757015309.1458724,4270.1,1.8556,buy,561827377808177,1757015308719
1757015310.3469808,4270.9,0.0077,buy,860935756493753,1757015309986
1757015312.6656988,4270.9,0.0077,buy,791901683752722,1757015312307
1757015313.139599,4270.9,0.1846,buy,198223043807113,1757015312658
1757015313.139599,4270.9,0.5439,buy,391329385470386,1757015312658
1757015313.139599,4270.9,0.7273,buy,432119551305390,1757015312658
1757015313.368802,4270.8,0.5213,sell,170894408247954,1757015312853
1757015313.368802,4270.8,1.0294,sell,552290594483141,1757015312853
1757015313.368802,4270.8,0.0408,sell,508498068509094,1757015312853
1757015313.368802,4270.8,5.8722,sell,929064765711121,1757015312853
1757015313.368802,4270.7,0.0408,sell,663625294074715,1757015312853
1757015313.368802,4270.6,0.0408,sell,320607783755951,1757015312853
1757015313.368802,4270.5,0.0408,sell,345444779473751,1757015312853
1757015313.368802,4270.4,0.0408,sell,1000689736280663,1757015312853
1757015313.368802,4270.4,0.9138,sell,1004388772096153,1757015312853
1757015313.368802,4270.4,0.1171,sell,910758786877216,1757015312853
1757015313.368802,4270.3,0.0408,sell,160248728127112,1757015312853
1757015313.368802,4270.3,5.8535,sell,1008774942850829,1757015312853
1757015313.368802,4270.2,0.0408,sell,602673900552631,1757015312853
1757015313.368802,4270.2,21.1875,sell,855298966706350,1757015312853
1757015313.368802,4270.1,0.0408,sell,652331063928582,1757015312853
1757015313.368802,4270.1,0.24,sell,699011415262291,1757015312853
1757015313.368802,4270.1,23.8303,sell,673342829656737,1757015312853
1757015313.368802,4270.1,36.7664,sell,694851779201058,1757015312853
1757015313.368802,4270.1,3.4632,sell,324074614297296,1757015312853
1757015314.3640757,4270.1,0.004,buy,109055329268502,1757015314016
1757015314.3640757,4270.1,0.232,buy,1043899366619005,1757015314016
1757015314.4656475,4270.1,0.2318,buy,570466468296120,1757015314084
1757015314.714648,4270.1,0.0077,buy,922777372504700,1757015314439
1757015315.0249197,4270.1,39.6656,buy,282082896586368,1757015314774
1757015315.4975817,4270.1,40.6331,buy,530880267559420,1757015315063
1757015315.5220935,4270.1,41.7677,buy,832250439220444,1757015315130
1757015316.6916614,4270.1,0.0048,buy,730581079102271,1757015315750
1757015316.6916614,4270.1,0.2341,buy,920674896102779,1757015315844
1757015316.6916614,4270.1,0.0112,buy,458997644876234,1757015315844
1757015316.6916614,4270.1,0.0112,buy,938421413268285,1757015315844
1757015316.6916614,4270.1,0.0112,buy,1048676447174612,1757015315844
1757015316.6921895,4270.1,0.0027,buy,958951419946936,1757015316088
1757015316.6921895,4270.1,0.0112,buy,812751323170293,1757015316088
1757015316.6921895,4270.1,0.4688,buy,246527217729377,1757015316088
1757015316.6921895,4270.1,0.2341,buy,3195457165492,1757015316088
1757015316.692704,4270.1,0.0646,buy,780158860425791,1757015316153
1757015316.692704,4270.1,0.0646,buy,891800825720158,1757015316153
1757015316.692704,4270.1,0.0646,buy,1042824328264059,1757015316153
1757015316.692704,4270.1,0.0646,buy,209284316794935,1757015316153
1757015316.692704,4270.1,0.0646,buy,498929026354166,1757015316153
1757015316.692704,4270.1,0.0646,buy,125449465850082,1757015316153
1757015316.692704,4270.1,0.0646,buy,815589137346200,1757015316153
1757015317.4520068,4270.0,0.0585,sell,205025371659294,1757015317098
1757015317.4520068,4270.1,0.0077,buy,667462751243135,1757015317098
1757015317.5240974,4270.1,0.0112,buy,654977942559361,1757015317147
1757015318.383578,4270.1,0.0035,buy,702954012122969,1757015318051
1757015318.383578,4270.0,0.0304,sell,521825372233465,1757015318051
1757015318.593502,4270.1,0.0228,buy,228081117959183,1757015318281
1757015319.353134,4270.1,0.2559,buy,157025555778287,1757015318994
1757015320.0329144,4270.1,0.2341,buy,738269366489161,1757015319797
1757015320.2630796,4270.1,9.5468,buy,722252001647147,1757015319998
1757015320.2630796,4270.1,3.5795,buy,809188272461205,1757015319998
1757015320.2630796,4270.1,0.012,buy,559493916620377,1757015319998
1757015322.650132,4271.3,0.012,sell,777795970237322,1757015322281
1757015324.571167,4270.7,0.0674,sell,1119284507957990,1757015324055
1757015325.2506251,4270.7,2.7609,sell,452232092001769,1757015324913
1757015328.12719,4270.1,0.0077,buy,376339733400292,1757015327582
1757015330.5811675,4270.2,0.0077,buy,830618176429892,1757015330241
1757015331.256703,4270.2,0.0316,buy,804492473099177,1757015330640
1757015331.256703,4270.3,0.0393,buy,740983423070340,1757015330640
1757015331.7275674,4271.1,0.0028,sell,496729958366864,1757015331077
1757015332.3757408,4271.1,0.0028,sell,788545974154977,1757015332000
1757015332.8442101,4271.1,1.0,sell,1073012777026755,1757015332475
1757015333.686209,4271.2,0.0077,buy,1061620462334116,1757015333400
1757015337.4683504,4270.4,0.0048,buy,689019708077837,1757015337036
1757015337.4683504,4270.0,0.0047,sell,25821272010037,1757015337036
1757015338.46583,4270.1,0.0059,buy,836610676648601,1757015338036
1757015338.8759503,4270.1,0.0896,buy,282341964818802,1757015338583
1757015338.913512,4270.0,0.0105,sell,224329033481367,1757015338636
1757015338.913512,4270.1,0.0896,buy,104124578518028,1757015338636
1757015342.112227,4270.0,0.1348,sell,626403639076503,1757015341767
1757015342.112227,4270.0,0.9138,sell,167322951586231,1757015341767
1757015342.112227,4270.0,1.1688,sell,812374219825830,1757015341767
1757015342.112227,4270.0,0.485,sell,381769794736094,1757015341767
1757015343.0823674,4270.1,0.332,buy,239444473368547,1757015342761
1757015343.0870383,4270.1,0.2722,buy,791126249659862,1757015342825
1757015344.3202083,4270.1,0.004,buy,951803528570401,1757015344032
1757015347.4863524,4270.0,0.0585,sell,135309938100436,1757015347037
1757015348.4329638,4270.1,0.0035,buy,558652831127283,1757015348044
1757015348.4329638,4270.0,0.0196,sell,993170677876020,1757015348044
1757015348.4329638,4269.4,0.0108,sell,1081469311893870,1757015348044
1757015349.9578748,4269.3,0.0045,buy,984259717472002,1757015349549
1757015350.2848043,4269.2,0.2478,sell,943523897535425,1757015349950
1757015350.2848043,4269.2,1.2186,sell,54376218995528,1757015349950
1757015350.2848043,4269.2,0.6823,sell,924440353537292,1757015349950
1757015350.2848043,4269.2,0.1913,sell,980724844441254,1757015349950
1757015351.4863331,4269.2,0.015,sell,510955815492916,1757015350947
1757015352.620146,4269.2,2.0898,sell,1053588587692612,1757015352328
1757015354.360534,4269.2,0.0622,sell,343247077108064,1757015354001
1757015355.1537874,4269.3,1.4883,buy,237362427851336,1757015354806
1757015355.1537874,4269.3,1.0527,buy,298663432220892,1757015354806
1757015357.9489956,4269.3,3.7507,buy,346571382542196,1757015357617
1757015358.7088244,4269.4,0.0112,buy,517070710098942,1757015358247
1757015358.7088244,4269.4,0.0112,buy,259885237310761,1757015358247
1757015358.7962952,4269.4,0.018,buy,18115139480807,1757015358420
1757015359.643659,4269.5,0.0404,buy,953047048588061,1757015359198
1757015359.643659,4269.5,0.0542,buy,665717448798168,1757015359198
1757015362.8089774,4270.5,0.0028,sell,787150267589895,1757015362106
1757015367.155119,4270.6,0.0225,buy,382030433144189,1757015366708
1757015367.2455916,4270.6,0.1992,buy,1030349659846353,1757015366772
1757015367.3809807,4270.6,0.4688,buy,255067964754706,1757015366971
1757015367.3809807,4270.6,0.4688,buy,26994379487498,1757015366971
1757015367.3809807,4270.6,0.4688,buy,929402396613012,1757015366971
1757015367.3809807,4270.6,0.4688,buy,622315826937405,1757015366971
1757015367.3809807,4270.6,0.4688,buy,340044822411573,1757015366971
1757015367.3809807,4270.6,0.4688,buy,596204283679724,1757015366971
1757015367.4763348,4270.6,0.0049,buy,350907144550192,1757015367110
1757015367.4763348,4270.5,0.0048,sell,268627709729934,1757015367110
1757015368.3979197,4270.7,0.0058,buy,929997663043727,1757015368082
1757015368.7596147,4270.7,0.0483,buy,913411019868432,1757015368408
1757015370.8978477,4271.7,1.1708,buy,235719319113181,1757015370619
1757015373.501773,4271.7,0.004,buy,62815939381146,1757015373079
1757015376.8282275,4271.5,0.0027,buy,1109398813522129,1757015376039
1757015376.9254804,4271.5,0.0973,buy,257164764942267,1757015376322
1757015377.41033,4271.4,0.0585,sell,476188014335046,1757015377024
1757015378.5153358,4271.5,0.0035,buy,359006442729038,1757015378109
1757015378.5153358,4271.4,0.0305,sell,297285087091418,1757015378109
1757015381.109492,4271.5,0.9204,buy,303334995721676,1757015380804
1757015384.4016078,4271.4,0.084,sell,302310236068920,1757015384057
1757015389.7046413,4271.2,0.0525,sell,909250723635103,1757015389322
1757015389.7046413,4271.3,1.0,buy,95389404185245,1757015389322
1757015391.8181763,4271.1,0.0016,sell,681078094991101,1757015391090
1757015391.8181763,4271.0,0.0012,sell,579743118055923,1757015391090
1757015392.500022,4271.0,0.0028,sell,335802629463181,1757015392046
1757015395.284367,4271.0,0.0675,sell,208070738158332,1757015394997
1757015395.284367,4270.7,1.1489,sell,397685566721019,1757015394997
1757015396.1918154,4270.5,1.1006,buy,287550062755357,1757015395818
1757015397.665949,4269.6,0.0049,buy,981433050782304,1757015397164
1757015397.665949,4269.5,0.0047,sell,165021662536468,1757015397164
1757015398.5087373,4269.5,0.0058,buy,481272906535793,1757015398075
1757015398.9176824,4269.4,0.4684,sell,785696414127838,1757015398573
1757015398.9176824,4269.4,0.7195,sell,1107451474240973,1757015398573
1757015398.9176824,4269.4,0.8181,sell,290760247430317,1757015398573
1757015402.3602316,4269.2,0.0387,buy,905979600529171,1757015401261
1757015402.3602316,4269.2,0.0387,buy,424652423200482,1757015401261
1757015402.3602316,4269.2,0.3329,buy,275861903133129,1757015401261
1757015402.3602316,4269.2,0.0388,buy,978706836561228,1757015401261
1757015402.3602316,4269.2,0.2456,buy,161228566454,1757015401261
1757015402.3602316,4269.3,0.0387,buy,103908567177614,1757015401261
1757015402.3602316,4269.3,0.0387,buy,499977371962045,1757015401261
1757015402.3602316,4269.3,2.7026,buy,940124008802108,1757015401261
1757015402.3602316,4269.3,0.0388,buy,42560780441385,1757015401261
1757015402.3602316,4269.4,0.0387,buy,589430488135179,1757015401261
1757015402.3602316,4269.4,0.0387,buy,669040139382598,1757015401261
1757015402.3602316,4269.4,0.0388,buy,164557317634628,1757015401261
1757015402.3602316,4269.7,0.0387,buy,373535542969611,1757015401261
1757015402.3602316,4270.4,0.079,buy,721989105689707,1757015401261
1757015403.3169754,4270.6,0.0421,buy,939841389993081,1757015401422
1757015403.4940019,4270.8,4.608,buy,621966569894925,1757015401985
1757015403.4940019,4270.9,0.0046,buy,664699997376250,1757015401985
1757015403.576403,4271.0,0.574,buy,885019564174445,1757015402229
1757015403.5769258,4271.2,0.188,buy,844860016876433,1757015402331
1757015403.5769258,4271.2,0.0462,buy,860290818498094,1757015402431
1757015403.5769258,4271.5,0.1171,buy,498559210950104,1757015402431
1757015403.5769258,4271.8,0.0247,buy,409168486172121,1757015402431
1757015403.5774336,4271.8,0.145,buy,725878105667652,1757015402530
1757015403.5774336,4271.8,0.145,buy,336547307286902,1757015402530
1757015403.5774336,4271.8,0.145,buy,844738443522726,1757015402530
1757015403.5774336,4271.8,0.145,buy,107935222441346,1757015402530
1757015403.6997492,4271.8,0.145,buy,651439233604891,1757015402734
1757015403.6997492,4271.8,0.145,buy,676209940364245,1757015402734
1757015403.6997492,4271.8,0.145,buy,1057860811623883,1757015402734
1757015403.6997492,4271.8,0.145,buy,852504934402514,1757015402734
1757015403.6997492,4271.8,0.145,buy,794373216307853,1757015402734
1757015403.6997492,4271.8,0.145,buy,583039401717738,1757015402734
1757015403.6997492,4271.8,0.145,buy,709136518050022,1757015402734
1757015403.6997492,4271.8,0.145,buy,208502086385610,1757015402734
1757015404.11836,4271.8,0.0041,buy,686751249464430,1757015403034
1757015404.120878,4271.8,0.145,buy,856687181928220,1757015403139
1757015404.120878,4271.8,0.145,buy,999319041343450,1757015403139
1757015404.1215599,4271.8,0.145,buy,995707964732467,1757015403237
1757015404.408628,4272.0,2.0,buy,1047688441703853,1757015404009
1757015404.408628,4272.0,0.4681,buy,100620664643663,1757015404009
1757015404.408628,4272.0,0.1648,buy,47529143038858,1757015404009
1757015404.408628,4272.2,0.3937,buy,1045664779622028,1757015404009
1757015404.408628,4272.3,0.1178,buy,792540233998851,1757015404009
1757015404.408628,4272.3,0.5413,buy,178974193532216,1757015404009
1757015404.408628,4272.3,0.6386,buy,217358252899523,1757015404009
1757015406.0311449,4272.3,0.0028,buy,141570632032587,1757015405672
1757015406.6058042,4271.7,0.0688,sell,392595328915164,1757015406073
1757015407.963278,4271.3,0.079,sell,646692981651803,1757015406791
1757015407.963278,4270.5,0.0046,sell,196771363413055,1757015406791
1757015407.963278,4270.1,0.0344,sell,38545561055634,1757015406791
1757015407.963798,4270.1,0.0054,sell,160246614890333,1757015406857
1757015407.963798,4270.0,0.0398,sell,537047651727071,1757015406857
1757015407.963798,4269.7,0.0818,sell,727545010125533,1757015406857
1757015407.963798,4269.7,0.0762,sell,984345714929744,1757015406857
1757015407.963798,4269.7,0.0688,sell,751939447257254,1757015406857
1757015408.1677804,4269.7,0.0585,sell,80522972197535,1757015407079
1757015408.1677804,4269.7,0.145,sell,867249581486834,1757015407079
1757015408.1677804,4269.7,0.145,sell,202047403586862,1757015407079
1757015408.1677804,4269.7,0.145,sell,434022866487228,1757015407079
1757015408.1677804,4269.7,0.145,sell,1041479917797361,1757015407079
1757015408.1677804,4269.7,0.145,sell,1038116331799076,1757015407079
1757015408.1677804,4269.7,0.145,sell,159832937975121,1757015407130
1757015408.6140852,4269.8,0.0034,buy,369503305138670,1757015408063
1757015408.6140852,4269.7,0.0304,sell,898750960350313,1757015408063
1757015408.682192,4269.8,0.0588,buy,1071728988588839,1757015408103
1757015409.5146606,4269.8,2.6676,buy,434175369778463,1757015409020
1757015412.7925916,4269.4,5.0,buy,302377934969646,1757015412407
1757015412.7925916,4269.4,3.4026,buy,986273647122982,1757015412407
1757015412.7925916,4269.4,0.5974,buy,254971639973104,1757015412407
1757015413.0707533,4269.3,2.3424,sell,537970517029356,1757015412743
1757015413.0707533,4269.3,2.3628,sell,474207979837836,1757015412743
1757015413.0707533,4269.3,0.8826,sell,847661339369621,1757015412743
1757015413.2207286,4269.1,1.0003,buy,683767583321813,1757015412896
1757015414.445009,4269.0,0.0077,sell,567179175021951,1757015414084
1757015414.445009,4268.9,0.0553,sell,779556294789382,1757015414084
1757015414.7651093,4269.0,0.183,buy,938955403502173,1757015414426
1757015415.0300694,4268.9,0.0315,sell,140015676391425,1757015414604
1757015416.415916,4268.7,0.0045,buy,249528910339850,1757015415907
1757015417.7511065,4268.6,0.015,sell,395602136563111,1757015417357
1757015419.2461915,4268.7,2.2588,buy,158449012138463,1757015418907
1757015419.4665847,4268.7,0.3944,buy,1072533855598439,1757015419075
1757015419.7498236,4268.7,0.3925,buy,1023250153059430,1757015419309
1757015419.7498236,4268.7,0.6258,buy,521623469533543,1757015419309
1757015419.7498236,4268.7,0.6955,buy,399290991984424,1757015419309
1757015419.7498236,4268.7,1.0211,buy,884517757965726,1757015419309
1757015420.420977,4268.7,0.4576,buy,90530408860293,1757015420017
1757015420.420977,4268.7,0.0449,buy,139037366528457,1757015420017
1757015420.420977,4268.7,1.3386,buy,176644357589824,1757015420017
1757015420.420977,4268.7,0.2165,buy,645412477706980,1757015420017
1757015421.5388284,4270.0,0.0028,sell,865093403446750,1757015421086
1757015422.8281415,4270.0,0.0028,sell,591991727302827,1757015422102
1757015422.9161541,4270.0,0.0398,sell,16401720476807,1757015422487
1757015422.9161541,4270.0,0.0688,sell,756562908518500,1757015422487
1757015426.4549923,4268.6,0.0496,sell,283267965228948,1757015426128
1757015426.4549923,4268.6,0.0589,sell,291314797144934,1757015426128
1757015426.4549923,4268.6,1.6364,sell,994114656839926,1757015426128
1757015426.4549923,4268.6,0.089,sell,1007007963379459,1757015426128
1757015426.6075919,4268.6,0.9598,sell,247708894690192,1757015426272
1757015426.6075919,4268.6,0.0748,sell,71033350931026,1757015426272
1757015427.057813,4268.6,0.8108,sell,773413562140132,1757015426432
1757015427.057813,4268.6,0.4976,sell,816924149127225,1757015426432
1757015427.484874,4268.7,0.0048,buy,544421345057243,1757015427084
1757015427.484874,4268.6,0.0048,sell,1107297243569434,1757015427084
1757015427.484874,4268.7,0.0129,buy,21142103813313,1757015427084
1757015427.561626,4268.6,1.6934,sell,782775178443045,1757015427287
1757015427.561626,4268.6,0.9742,sell,417483985011689,1757015427287
1757015428.3906193,4268.2,0.0059,buy,185136088715787,1757015428054
1757015428.7509124,4268.2,0.0551,buy,426360758544864,1757015428313
1757015429.536116,4268.2,0.0129,buy,258168940169436,1757015429200
1757015430.5294209,4268.2,0.0538,buy,260599605339557,1757015430230
1757015430.7537065,4268.2,0.0537,buy,1055310723558061,1757015430432
1757015433.0040245,4268.6,2.3424,sell,879409711923808,1757015431834
1757015433.394068,4268.8,0.9999,buy,501941097350776,1757015432875
1757015433.5047998,4268.8,0.004,buy,806992381740966,1757015433055
1757015436.509808,4269.0,0.0027,buy,158843585728519,1757015436049
1757015436.6414912,4269.0,0.0129,buy,933562450214874,1757015436225
1757015437.7058873,4268.9,0.0585,sell,807641306169555,1757015437061
1757015438.3505104,4269.0,0.0035,buy,545599430892228,1757015438017
1757015438.3505104,4268.9,0.0305,sell,2391930807705,1757015438017
1757015439.8821914,4269.0,0.0129,buy,1010889193609672,1757015439528
1757015441.0950108,4268.6,0.1,sell,232042817872002,1757015440710
1757015442.936061,4268.2,7.0,buy,1090742542438353,1757015442325
1757015442.936061,4268.2,3.0,buy,417040490466594,1757015442325
1757015444.3851109,4268.3,0.0761,sell,691455119483164,1757015444049
1757015444.5370035,4268.7,0.004,buy,390605979117894,1757015444269
1757015444.5370035,4268.9,0.0088,buy,1123677669356245,1757015444269
1757015448.4511209,4268.4,0.0396,sell,845279098907760,1757015448030
1757015448.4511209,4268.4,0.4356,sell,683988370330357,1757015448030
1757015449.4316328,4268.4,0.8396,sell,369255991400017,1757015449070
1757015449.4316328,4268.4,2.3427,sell,712684606061144,1757015449070
1757015449.4316328,4268.3,0.0396,sell,244520869472896,1757015449070
1757015449.4316328,4268.2,0.0396,sell,646351954873955,1757015449070
1757015449.4316328,4268.1,0.0697,sell,345722479382174,1757015449070
1757015449.4316328,4268.1,0.0779,sell,14552775640230,1757015449070
1757015449.4316328,4268.1,5.8566,sell,644437330936383,1757015449070
1757015449.4316328,4268.1,1.4285,sell,455234861241033,1757015449070
1757015449.4316328,4268.1,11.2121,sell,328508297284812,1757015449070
1757015450.6763945,4268.1,0.1868,buy,601886061291058,1757015450412
1757015450.969378,4268.1,0.1868,buy,62404307653063,1757015450672
1757015451.7807145,4268.1,0.1086,buy,894111966608565,1757015451473
1757015451.7807145,4268.1,0.0789,buy,667395455446685,1757015451473
1757015451.7807145,4268.1,0.164,buy,771495472282608,1757015451473
1757015451.7807145,4268.1,1.0527,buy,1033238915428378,1757015451473
1757015451.7807145,4268.1,0.0982,buy,138278128265369,1757015451473
1757015451.7807145,4268.1,0.8202,buy,237895833921673,1757015451473
1757015451.7807145,4268.1,0.9306,buy,81835894356491,1757015451473
1757015452.9305909,4268.6,0.0028,sell,1056112989004410,1757015452126
1757015452.9305909,4268.6,0.0028,sell,928499185962794,1757015452126
1757015454.7055054,4268.7,0.4689,buy,458307441518097,1757015454484
1757015455.0373294,4268.7,0.5312,buy,703689934996525,1757015454678
1757015457.8852363,4268.7,0.0049,buy,967535967010742,1757015457058
1757015457.8852363,4268.6,0.0048,sell,496187451442050,1757015457058
1757015458.5407505,4268.7,0.0058,buy,87702210466704,1757015458104
1757015463.2220097,4269.1,0.0177,sell,651982284283528,1757015462565
1757015463.2220097,4269.1,0.0688,sell,781872048391252,1757015462565
1757015463.4757154,4268.6,0.004,buy,546532927827801,1757015463085
1757015467.9471498,4268.0,0.0222,sell,52023893553202,1757015467020
1757015467.9471498,4267.9,0.0362,sell,944778995600490,1757015467020
1757015468.4746838,4267.9,0.0035,buy,494223827634249,1757015468109
1757015468.4746838,4267.8,0.0304,sell,181827375786142,1757015468109
1757015469.492936,4267.8,0.0651,sell,643619329403362,1757015469173
1757015469.492936,4267.8,0.11,sell,319260471824046,1757015469173
1757015469.492936,4267.8,0.7938,sell,365567215959325,1757015469173
1757015469.492936,4267.7,0.1172,sell,500498656271440,1757015469173
1757015469.7847219,4267.5,0.0046,sell,103476599169922,1757015469449
1757015469.7847219,4267.5,0.0755,sell,342049037248896,1757015469449
1757015470.062309,4267.6,0.1554,buy,1089857691469180,1757015469721
1757015470.062309,4267.9,2.187,buy,322859570814327,1757015469721
1757015472.7287452,4268.5,1.981,sell,93990617478808,1757015472051
1757015472.7287452,4268.5,0.353,sell,504529044902823,1757015472051
1757015472.7287452,4268.5,1.5389,sell,486814720905502,1757015472051
1757015472.7287452,4268.5,1.9845,sell,166327128368423,1757015472051
1757015474.486827,4268.5,0.0825,sell,644255399346443,1757015474023
1757015478.1124418,4268.6,0.0688,buy,832340938845308,1757015477257
1757015478.1124418,4268.9,0.2899,buy,878056554171487,1757015477257
1757015478.1124418,4268.9,5.8555,buy,577482450912061,1757015477257
1757015478.1124418,4269.0,0.2435,buy,823452713397523,1757015477257
1757015478.1124418,4269.0,0.7012,buy,204816478806944,1757015477257
1757015482.8042727,4269.1,0.0028,sell,377071276527178,1757015482005
1757015482.8042727,4269.2,0.0045,buy,589791612100516,1757015482005
1757015484.068294,4268.2,0.015,sell,533743045839472,1757015483716
1757015484.5550082,4268.3,0.2,buy,513818363968495,1757015484238
1757015487.631447,4268.3,0.0048,buy,610815436908014,1757015487022
1757015487.631447,4268.2,0.0047,sell,1122496913483190,1757015487022
1757015488.4633431,4268.3,0.0059,buy,921293462885823,1757015488062
1757015488.4633431,4268.3,0.3701,buy,607761547533995,1757015488062
1757015490.2756143,4268.3,0.0445,buy,366988139873350,1757015489901
1757015490.4501011,4268.3,0.0445,buy,871884369210147,1757015490007
1757015493.2625408,4268.3,0.7949,buy,408353502626259,1757015492711
1757015493.8941128,4269.1,0.004,buy,183652108146739,1757015493141
1757015494.2560203,4269.2,0.17,buy,993456983462771,1757015493790
1757015496.409031,4269.6,0.0027,buy,354181119981800,1757015496034
1757015496.409031,4269.6,0.2303,buy,958519368072290,1757015496034
1757015497.0095074,4269.6,3.5855,buy,207907707217432,1757015496551
1757015497.7252035,4269.6,0.0585,sell,153547243803032,1757015497073
1757015498.285888,4269.8,0.2,buy,1073446228485685,1757015497797
1757015498.461385,4270.4,0.4683,buy,920112412025846,1757015497904
1757015498.5633008,4270.7,0.0034,buy,500943720852438,1757015498005
1757015498.5633008,4270.3,0.023,sell,375917587371249,1757015498005
1757015498.5633008,4270.3,0.0074,sell,632447119856695,1757015498005
1757015499.1224065,4270.7,0.0012,buy,971384330190270,1757015498683
1757015499.1224065,4271.0,0.005,buy,525915698272553,1757015498683
1757015499.1224065,4271.3,0.0589,buy,23199757386888,1757015498683
1757015499.1224065,4271.4,0.0222,buy,1078744589381281,1757015498683
1757015499.1224065,4271.4,0.0707,buy,411608899953043,1757015498683
1757015499.3655875,4271.6,0.145,buy,609750023619526,1757015498757
1757015499.3655875,4271.6,0.145,buy,1019777710317974,1757015498757
1757015499.3655875,4271.6,0.155,buy,548774931405775,1757015498757
1757015499.3655875,4271.6,0.15,buy,232513426335307,1757015498757
1757015499.3655875,4271.6,0.145,buy,175502852292729,1757015498757
1757015499.3655875,4271.6,0.145,buy,1049303231803704,1757015498757
1757015499.431869,4271.6,0.186,buy,854713009288973,1757015498811
1757015499.431869,4271.6,0.145,buy,519578160195996,1757015498811
1757015499.431869,4271.6,0.145,buy,337907547713484,1757015498811
1757015499.431869,4271.6,0.155,buy,263482859878383,1757015498811
1757015499.431869,4271.6,0.158,buy,329765345617751,1757015498811
1757015499.431869,4271.6,0.15,buy,455330569410081,1757015498811
1757015499.431869,4271.6,0.145,buy,427710667106983,1757015498811
1757015499.431869,4271.6,0.155,buy,1092474233839180,1757015498811
1757015499.431869,4271.6,0.145,buy,6210367492336,1757015498811
1757015499.431869,4271.6,0.12,buy,557605651615156,1757015498811
1757015500.1290827,4271.8,0.2509,buy,1065465333077952,1757015499725
1757015500.1290827,4271.8,0.6351,buy,825460664147370,1757015499725
1757015500.1290827,4271.8,0.6062,buy,1043771280648771,1757015499725
1757015500.1290827,4271.8,1.3586,buy,971277691508264,1757015499725
1757015501.21926,4271.8,2.1528,buy,1031046878416969,1757015500900
1757015501.21926,4271.8,0.05,buy,294007923063836,1757015500900
1757015501.21926,4271.8,2.7972,buy,538172253246027,1757015500900
1757015501.4654999,4271.8,2.0297,buy,405219676516909,1757015501140
1757015502.839151,4271.7,0.4688,sell,889789135762431,1757015502154
1757015503.136533,4271.7,0.4138,sell,240086870336740,1757015502273
1757015503.136533,4271.7,0.055,sell,1103797408108778,1757015502273
1757015503.136533,4271.7,0.4581,sell,397194166057854,1757015502273
1757015504.3478022,4271.5,0.0616,sell,880954721825832,1757015504048
1757015506.4451184,4272.0,0.3,buy,736603086284608,1757015506043
1757015506.4451184,4272.0,3.5112,buy,1104992129010746,1757015506043
1757015506.4451184,4272.0,5.8512,buy,487447231131992,1757015506043
1757015506.4451184,4272.0,0.7839,buy,688427052657999,1757015506043
1757015506.4451184,4272.0,8.7354,buy,340490844047671,1757015506043
1757015506.4451184,4272.0,0.2509,buy,569158432716687,1757015506043
1757015506.4451184,4272.1,2.4737,buy,247513053580771,1757015506043
1757015510.560985,4271.5,5.9706,buy,424088016327168,1757015510147
1757015511.493203,4272.0,0.0028,sell,40502657822369,1757015511071
1757015512.432629,4272.0,0.0034,sell,1073677931370144,1757015512069
1757015513.6652875,4272.1,4.8808,buy,325145794533199,1757015513351
1757015513.6652875,4272.1,5.8511,buy,972272290985509,1757015513351
1757015513.6652875,4272.1,3.5111,buy,949275444583174,1757015513351
1757015513.6652875,4272.1,0.8196,buy,874683083881870,1757015513351
1757015513.6652875,4272.1,2.3391,buy,93486904180864,1757015513351
1757015513.6652875,4272.1,11.7024,buy,645401511343296,1757015513351
1757015513.6652875,4272.1,4.6816,buy,715292532963945,1757015513351
1757015513.6652875,4272.1,7.0072,buy,1037456554595088,1757015513351
1757015517.4518936,4272.1,0.0049,buy,676137407756568,1757015517090
1757015517.4518936,4272.0,0.0048,sell,109910295895469,1757015517090
1757015518.372154,4272.1,5.0,buy,25314863328258,1757015517908
1757015518.372154,4272.1,0.0058,buy,839193550773286,1757015518037
1757015518.5968087,4272.1,4.2091,buy,1000148104700534,1757015518303
1757015518.5968087,4272.2,0.4681,buy,762926250966095,1757015518303
1757015518.5968087,4272.2,3.511,buy,598277648693504,1757015518303
1757015518.5968087,4272.3,1.4979,buy,1057213621686605,1757015518303
1757015519.1106257,4272.4,4.6816,sell,358126352726036,1757015518723
1757015519.1106257,4272.4,2.8647,sell,856676811969727,1757015518723
1757015519.1106257,4272.4,4.6819,sell,945473544626203,1757015518723
1757015519.1106257,4272.4,3.5625,sell,1099147477575653,1757015518723
1757015519.1106257,4272.4,3.5625,sell,1064735291910397,1757015518723
1757015519.1106257,4272.4,3.5625,sell,378761572889407,1757015518723
1757015519.1106257,4272.4,4.6819,sell,1086700489506897,1757015518723
1757015519.1106257,4272.4,0.0396,sell,323515584133538,1757015518723
1757015519.1106257,4272.4,4.6819,sell,278969391908795,1757015518723
1757015519.1106257,4272.4,0.1558,sell,264766770544915,1757015518723
1757015519.1106257,4272.4,2.8647,sell,1038412395271136,1757015518723
1757015519.1106257,4272.4,2.8647,sell,396966176198610,1757015518723
1757015519.1106257,4272.4,0.0396,sell,990181959329265,1757015518723
1757015519.1106257,4272.4,0.1558,sell,389175456956926,1757015518723
1757015519.1106257,4272.4,3.5625,sell,653656243860660,1757015518723
1757015519.1106257,4272.4,3.5625,sell,867585118315821,1757015518723
1757015519.1106257,4272.4,4.6819,sell,204193515867271,1757015518723
1757015519.1106257,4272.4,2.479,sell,947540977338122,1757015518723
1757015519.1106257,4272.4,4.6814,sell,408485022771848,1757015518723
1757015519.1106257,4272.4,3.2335,sell,287655099567507,1757015518723
1757015519.1106257,4272.4,12.8735,sell,373420150973468,1757015518723
1757015519.1106257,4272.4,3.8,sell,1062580770957345,1757015518723
1757015519.1106257,4272.4,2.6064,sell,68584495264840,1757015518723
1757015519.1106257,4272.4,0.11,sell,886651837224774,1757015518723
1757015519.1106257,4272.4,2.6062,sell,372058139053344,1757015518723
1757015519.1106257,4272.3,4.6816,sell,272847406637505,1757015518723
1757015519.1106257,4272.3,2.8647,sell,18191978802612,1757015518723
1757015519.1106257,4272.3,4.6817,sell,856293793940664,1757015518723
1757015519.1106257,4272.3,4.6817,sell,477700438715365,1757015518723
1757015519.1106257,4272.3,0.0396,sell,598712859594220,1757015518723
1757015519.1106257,4272.3,4.6817,sell,873078274630263,1757015518723
1757015519.1106257,4272.3,2.8647,sell,796184028079064,1757015518723
1757015519.1106257,4272.3,0.0396,sell,683988317684562,1757015518723
1757015519.1106257,4272.3,2.8647,sell,749281602466901,1757015518723
1757015519.1106257,4272.3,0.1558,sell,680965104079883,1757015518723
1757015519.1106257,4272.3,4.6817,sell,248099921742710,1757015518723
1757015519.1106257,4272.3,0.0396,sell,957955932129525,1757015518723
1757015519.1106257,4272.3,3.2335,sell,70788044912365,1757015518723
1757015519.1106257,4272.3,4.6813,sell,97440057380453,1757015518723
1757015519.1106257,4272.2,15.2146,sell,1077105989021001,1757015518723
1757015519.1106257,4272.2,15.2146,sell,418335300844792,1757015518723
1757015519.1106257,4272.2,15.2146,sell,956129267602135,1757015518723
1757015519.1106257,4272.2,4.5808,sell,1034536370400244,1757015518723
1757015519.1106257,4272.2,9.778,sell,306298053448353,1757015518723
1757015519.1106257,4272.2,4.5808,sell,620059280597779,1757015518723
1757015519.1106257,4272.2,9.778,sell,120039016758119,1757015518723
1757015519.1106257,4272.2,5.3847,sell,708526131822718,1757015518723
1757015519.1106257,4272.2,5.3847,sell,635711044382894,1757015518723
1757015519.1106257,4272.2,4.5808,sell,1084172046108721,1757015518723
1757015519.1106257,4272.2,0.0396,sell,871643880470467,1757015518723
1757015519.1106257,4272.2,4.6816,sell,1090546355657747,1757015518723
1757015519.1106257,4272.2,2.8646,sell,287583221716012,1757015518723
1757015519.1106257,4272.2,5.3847,sell,949341767253097,1757015518723
1757015519.1106257,4272.2,5.3847,sell,139681651372581,1757015518723
1757015519.1106257,4272.2,3.5623,sell,632499449584039,1757015518723
1757015519.1106257,4272.2,3.5623,sell,59971968417325,1757015518723
1757015519.1106257,4272.2,0.1558,sell,794866173945308,1757015518723
1757015519.1106257,4272.2,2.8646,sell,739027056843775,1757015518723
1757015519.1106257,4272.2,3.5623,sell,187223592964316,1757015518723
1757015519.1106257,4272.2,2.8646,sell,550325232162782,1757015518723
1757015519.1106257,4272.2,0.1558,sell,694709521885607,1757015518723
1757015519.1106257,4272.2,5.3847,sell,268667415949037,1757015518723
1757015519.1106257,4272.2,3.0323,sell,256821036055551,1757015518723
1757015519.6882017,4272.5,2.6638,buy,429655355247076,1757015519283
1757015523.472251,4271.6,0.1171,sell,838403430351599,1757015522904
1757015523.472251,4271.6,0.0589,sell,467252230879907,1757015522904
1757015523.472251,4271.6,0.004,sell,1073036275727562,1757015522904
1757015523.472251,4271.6,2.3399,sell,1034995404544669,1757015522904
1757015523.472251,4271.6,0.833,sell,3998797581049,1757015522904
1757015523.472251,4271.5,0.24,sell,204171454491340,1757015522904
1757015523.472251,4271.5,0.0794,sell,877279785179986,1757015522904
1757015523.5652227,4271.6,0.004,buy,137698615048146,1757015523099
1757015525.9348767,4270.4,0.3303,buy,1112764666238587,1757015525476
1757015527.4587119,4270.3,0.0585,sell,190539160474184,1757015527007
1757015527.5366318,4270.4,10.6102,buy,298191577015712,1757015527074
1757015528.656405,4270.3,0.0035,buy,533419535439242,1757015528017
1757015528.656405,4270.2,0.0305,sell,112449564496839,1757015528017
1757015529.025847,4270.3,0.042,buy,935505439457959,1757015528722
1757015529.025847,4270.3,0.042,buy,749363729628671,1757015528722
1757015529.7748992,4270.4,1.5005,sell,53607924134874,1757015529479
1757015529.7748992,4270.4,0.8573,sell,1035496418547851,1757015529479
1757015530.1323507,4270.5,0.042,buy,452603970073268,1757015529796
1757015530.1323507,4270.5,1.0615,buy,903324073567825,1757015529796
1757015534.46248,4271.6,0.0425,sell,1106904505490020,1757015534044
1757015534.46248,4271.6,0.027,sell,1012525543780642,1757015534044
1757015535.5437715,4272.4,0.9138,buy,437330687524518,1757015535129
1757015535.5437715,4272.4,1.0653,buy,18150704267643,1757015535129
1757015535.7755888,4272.3,0.0425,sell,265408736823441,1757015535436
1757015535.7755888,4272.3,0.0055,sell,72368876010264,1757015535436
1757015536.2751641,4272.4,0.12,buy,243779774038440,1757015535645
1757015536.5697708,4272.4,2.0,buy,31748284309543,1757015536182
1757015536.6071658,4272.4,6.0461,buy,783787935744804,1757015536283
1757015542.3745646,4272.5,0.0028,sell,625265817310197,1757015542041
1757015543.4466083,4272.6,0.02,buy,657677700098198,1757015542805
1757015543.669515,4272.6,5.0817,buy,812091520575340,1757015543324
1757015544.2739794,4272.8,0.005,buy,819981903516759,1757015543761
1757015544.846112,4273.0,0.2,buy,478767745632725,1757015544260
1757015544.846112,4273.1,0.0043,buy,801903095089979,1757015544260
1757015544.846112,4273.3,0.0026,buy,64769434029732,1757015544260
1757015544.8703518,4273.8,0.145,buy,203020964242182,1757015544438
1757015544.8703518,4273.8,0.145,buy,1046426669772862,1757015544438
1757015544.9568384,4273.8,0.1112,buy,88406292531577,1757015544578
1757015544.9568384,4274.0,0.0046,buy,978890512015322,1757015544578
1757015544.9568384,4274.4,0.0242,buy,339411716601481,1757015544578
1757015544.9568384,4274.4,0.145,buy,576909904830364,1757015544578
1757015544.9568384,4274.4,0.145,buy,1106396876294048,1757015544578
1757015544.9568384,4274.4,0.145,buy,1034341838522462,1757015544578
1757015544.9568384,4274.4,0.145,buy,776608519200827,1757015544578
1757015544.9568384,4274.4,0.145,buy,384887259980093,1757015544578
1757015545.1407645,4274.4,0.145,buy,1103275755241264,1757015544662
1757015545.1407645,4274.4,0.141,buy,955615279860434,1757015544662
1757015545.160578,4274.4,0.15,buy,667175706107892,1757015544741
1757015545.2344074,4274.4,0.12,buy,882976430568272,1757015544826
1757015545.2467647,4274.4,0.15,buy,1062183505003988,1757015544880
1757015546.8364139,4274.4,1.9677,buy,548422032071362,1757015546542
1757015547.3322294,4274.4,0.0049,buy,641969870648644,1757015547000
1757015547.3322294,4274.3,0.0047,sell,466420630354229,1757015547000
1757015548.1257255,4274.4,20.2123,buy,307696859409437,1757015547410
1757015548.145629,4274.3,0.1,sell,40314176823684,1757015547485
1757015548.4363987,4274.4,0.0058,buy,183268522493841,1757015548018
1757015549.015807,4274.4,0.015,buy,44225651711763,1757015548694
1757015549.0431237,4274.4,0.0642,buy,328289828459676,1757015548770
1757015549.6488252,4274.4,0.5,buy,967976942029092,1757015549295
1757015550.655675,4274.3,0.015,sell,430378711242329,1757015550100
1757015551.6994588,4274.4,9.736,buy,508073412024309,1757015551318
1757015553.6874447,4274.4,0.004,buy,98086679502256,1757015553050
1757015554.6775482,4274.4,0.6898,buy,638247168717239,1757015554192
1757015554.764103,4274.4,42.8629,buy,792838851167363,1757015554288
1757015554.7824018,4274.4,22.4822,buy,865297076485238,1757015554481
1757015554.7824018,4274.4,8.5814,buy,190500739204803,1757015554481
1757015556.8403873,4274.8,0.3077,buy,418764205426631,1757015556558
1757015556.8403873,4274.8,0.1169,buy,933444662048637,1757015556558
1757015556.8403873,4274.8,0.24,buy,431214840705476,1757015556558
1757015556.8403873,4274.8,0.124,buy,47436143016723,1757015556558
1757015557.3474512,4274.7,0.0585,sell,478301096815556,1757015557033
1757015558.7079167,4274.8,0.0035,buy,50197797904676,1757015558067
1757015558.7079167,4274.7,0.0304,sell,389922551273762,1757015558067
1757015558.8712292,4274.8,4.0311,buy,1045118560060328,1757015558543
1757015563.5159338,4274.8,0.253,buy,930800948964001,1757015563159
1757015563.7297142,4275.0,1.0,buy,179444787577614,1757015563364
1757015564.4215102,4275.0,0.0818,sell,798768307813360,1757015564057
1757015565.3134744,4275.0,0.127,sell,606874524295015,1757015564924
1757015566.426204,4275.1,1.3,buy,977382252857672,1757015566126
1757015566.9369874,4275.6,0.005,buy,243794315238790,1757015566674
1757015567.4253438,4276.0,0.005,buy,653812483450688,1757015567065
1757015567.4253438,4276.1,0.2,buy,810763041553500,1757015567065
1757015567.4253438,4276.1,0.185,buy,616016741177088,1757015567065
1757015567.4496415,4276.1,0.055,buy,30191678835202,1757015567136
1757015567.4496415,4276.1,0.3353,buy,341773452636200,1757015567136
1757015567.628983,4276.0,0.063,sell,937464961255406,1757015567349
1757015568.929278,4276.0,0.155,sell,1024581946562141,1757015568629
1757015571.4559784,4275.0,0.0028,sell,367773277460845,1757015571072
1757015572.4141555,4275.0,0.0028,sell,1082937499297356,1757015572083
1757015573.7082555,4275.1,0.0026,buy,844532026564179,1757015573188
1757015575.076282,4275.2,0.0418,buy,472505266396363,1757015574539
1757015575.076282,4275.2,0.109,buy,466776077105428,1757015574539
1757015575.076282,4275.3,0.0418,buy,280332261571107,1757015574539
1757015575.076282,4275.4,0.24,buy,135599941783940,1757015574539
1757015575.076282,4275.6,0.1169,buy,996973226112150,1757015574539
1757015575.076282,4275.7,0.5864,buy,171666308817332,1757015574539
1757015575.076282,4275.9,0.2672,buy,471494836980291,1757015574539
1757015575.076282,4275.9,0.6112,buy,664311910650235,1757015574539
1757015575.076282,4275.9,0.049,buy,816129678959540,1757015574539
1757015575.7794049,4276.2,0.7017,buy,493063185402255,1757015575449
1757015576.6216288,4276.2,0.0068,buy,261109215964775,1757015576308
1757015576.811475,4276.1,0.055,sell,279305316601095,1757015576506
1757015577.003843,4276.2,1.9648,buy,203315480300027,1757015576709
1757015577.003843,4276.2,0.0092,buy,171694751198183,1757015576709
1757015577.3538644,4276.5,0.0048,buy,911583644225872,1757015577054
1757015577.3538644,4276.1,0.0048,sell,109287143731409,1757015577054
1757015577.6454842,4276.5,5.8452,buy,659524061315659,1757015577319
1757015577.6454842,4276.5,11.3387,buy,835805887284247,1757015577319
1757015577.6454842,4276.5,4.6768,buy,664486916046687,1757015577319
1757015577.6454842,4276.6,0.6061,buy,389601286568543,1757015577319
1757015577.6454842,4276.6,5.1911,buy,290379494089028,1757015577319
1757015578.5633,4276.6,0.0059,buy,18828081288527,1757015578061
1757015578.9637847,4276.5,0.027,sell,238980386293978,1757015578545
1757015582.0534856,4277.0,0.5217,buy,1067953617982961,1757015581585
1757015582.14167,4277.0,0.0036,buy,605810518094917,1757015581812
1757015582.9687216,4277.0,0.5775,buy,486292580487905,1757015582627
1757015583.5804858,4277.0,0.004,buy,242924006142353,1757015583046
1757015584.9107227,4277.0,0.0567,buy,347933060405936,1757015584611
1757015585.678078,4276.9,0.0059,sell,606568275755592,1757015585299
1757015585.678078,4277.0,0.5319,buy,804635750458088,1757015585299
1757015585.678078,4277.0,0.4681,buy,180425143161126,1757015585299
1757015586.080679,4276.9,0.0128,sell,172735555783197,1757015585694
1757015586.2364864,4276.9,0.0026,sell,287594003141847,1757015585895
1757015586.5389843,4277.0,0.0027,buy,939129401874243,1757015586096
1757015587.4643404,4276.9,0.0585,sell,663246893902697,1757015587043
1757015588.8968399,4276.5,0.0034,buy,739814430001332,1757015588012
1757015588.8968399,4276.3,0.0304,sell,928418416808221,1757015588012
1757015589.9108398,4276.1,0.14,sell,164706526257967,1757015589596
1757015589.9108398,4276.1,14.86,sell,294829953029445,1757015589596
1757015591.6285772,4275.0,0.11,sell,634700355150668,1757015591054
1757015591.6285772,4275.0,1.0,sell,588703853738362,1757015591054
1757015592.6113849,4275.1,0.0417,buy,604617529770467,1757015592256
1757015594.337498,4275.0,0.0775,sell,1050162631314149,1757015594024
1757015595.0928967,4275.1,1.0,buy,91599587504398,1757015594694
1757015595.9733343,4275.0,2.3424,sell,701792187229767,1757015595622
1757015596.1949897,4275.0,4.4364,sell,1084392847625012,1757015595721
1757015596.2899125,4275.0,0.0112,sell,649627145583038,1757015595809
1757015596.2904267,4275.0,0.4688,sell,40779516738890,1757015595862
1757015596.2904267,4275.0,0.0112,sell,1102426760418731,1757015595862
1757015596.3226445,4275.0,0.6161,sell,400488999030649,1757015595945
1757015596.3226445,4275.0,1.1428,sell,253558636315167,1757015595945
1757015596.3226445,4275.0,0.907,sell,839464216563409,1757015595945
1757015596.4926066,4275.0,2.3424,sell,135356170097226,1757015596048
1757015596.8225963,4275.0,2.3424,sell,833122319661254,1757015596485
1757015597.2627602,4275.0,4.6355,sell,604397648884339,1757015596858
1757015598.3530097,4275.0,4.4731,sell,153162580053508,1757015597601
1757015598.3829916,4275.0,4.5162,sell,627742585549806,1757015597805
1757015598.3829916,4275.0,1.3302,sell,430279472188271,1757015597805
1757015598.3829916,4275.0,1.2269,sell,483860096380387,1757015597805
1757015598.3829916,4275.0,4.0654,sell,120299594144815,1757015597805
1757015598.3829916,4275.0,4.9817,sell,382316928417544,1757015597805
1757015598.3829916,4275.0,8.5065,sell,384580105705380,1757015597805
1757015598.3829916,4275.0,0.0048,sell,429280111284110,1757015597805
1757015598.3829916,4275.0,2.0243,sell,238692613732673,1757015597805
1757015598.3829916,4275.0,0.4688,sell,146858654675883,1757015597805
1757015598.3829916,4275.0,0.4688,sell,160130877455924,1757015597805
1757015598.3829916,4275.0,1.5466,sell,979595285153204,1757015597805
1757015598.3829916,4275.0,2.4983,sell,59614558293343,1757015597805
1757015598.3829916,4275.0,0.4688,sell,894377729675709,1757015597805
1757015598.3829916,4275.0,41.9374,sell,675392036243066,1757015597805
1757015599.0062294,4275.0,0.0112,sell,231670878876621,1757015598000
1757015599.0062294,4275.0,0.4688,sell,1067526268736917,1757015598000
1757015599.0062294,4275.0,0.0112,sell,338820262420881,1757015598000
1757015599.0062294,4275.0,0.0112,sell,964291382291495,1757015598000
1757015599.0062294,4275.0,1.6885,sell,268098463213095,1757015598000
1757015599.0062294,4275.0,1.5673,sell,5784354015642,1757015598000
1757015599.0062294,4275.0,1.552,sell,590405632328055,1757015598000
1757015599.0062294,4275.0,46.4115,sell,249160389180364,1757015598000
1757015599.3033805,4275.0,0.4688,sell,81046412071991,1757015598112
1757015599.3033805,4275.0,0.4688,sell,299281319882195,1757015598112
1757015599.3033805,4275.0,1.1699,sell,91414983390417,1757015598112
1757015599.3033805,4275.0,0.0112,sell,907000920417849,1757015598112
1757015599.3033805,4275.0,1.6038,sell,405837115534491,1757015598112
1757015599.3033805,4275.0,1.3633,sell,695365454005474,1757015598112
1757015599.3033805,4275.0,1.0595,sell,947521986989242,1757015598112
1757015599.3033805,4275.0,0.9105,sell,181550984127001,1757015598112
1757015599.3033805,4275.0,5.6162,sell,425523513070521,1757015598112
1757015599.3033805,4275.0,1.0565,sell,697635956605030,1757015598207
1757015599.3033805,4275.0,1.0616,sell,489406150697018,1757015598207
1757015599.3033805,4275.0,49.0002,sell,523789627702135,1757015598207
1757015599.3033805,4275.0,5.4909,sell,655297207220959,1757015598207
1757015599.314336,4275.0,1.0508,sell,768384274459227,1757015598754
1757015599.314336,4275.0,1.7855,sell,757888297134678,1757015598754
1757015599.3206034,4275.0,1.0324,sell,1032554525660329,1757015598861
1757015599.4060614,4275.0,1.8766,sell,400658342738372,1757015598955
1757015599.4060614,4275.0,1.72,sell,1015593983578535,1757015598955
1757015599.4621985,4275.0,1.8834,sell,856897221798074,1757015599044
1757015599.4621985,4275.0,1.8932,sell,196520621622295,1757015599044
1757015599.4621985,4275.0,1.8747,sell,733506732164449,1757015599044
1757015599.4621985,4275.0,1.879,sell,319742387219438,1757015599044
1757015599.5909798,4275.0,1.8808,sell,646781830266247,1757015599121
1757015599.5909798,4275.0,0.0112,sell,1017930927930445,1757015599121
1757015599.5909798,4275.0,0.0112,sell,743074499636376,1757015599121
1757015599.6391623,4275.0,4.4208,sell,45266267008695,1757015599278
1757015600.3320043,4275.0,4.5198,sell,833663054832427,1757015599960
1757015600.4048064,4275.0,4.482,sell,448174332133315,1757015600095
1757015600.644053,4275.0,4.6484,sell,661441895992557,1757015600298
1757015600.8868756,4275.0,0.692,sell,242056614350844,1757015600502
1757015600.8868756,4275.0,0.692,sell,771156854129052,1757015600502
1757015600.8868756,4275.0,0.692,sell,614215034579400,1757015600502
1757015600.8868756,4275.0,0.7826,sell,764911095572029,1757015600502
1757015600.8987772,4275.0,0.7867,sell,529498405171216,1757015600562
1757015600.8987772,4275.0,0.7538,sell,437967911643179,1757015600562
1757015600.9274046,4275.0,0.848,sell,678112253985307,1757015600702
1757015600.9274046,4275.0,0.7538,sell,118296650576207,1757015600702
1757015600.9274046,4275.0,0.7538,sell,438017484186717,1757015600702
1757015600.9274046,4275.0,0.7095,sell,143247035612405,1757015600702
1757015600.9274046,4275.0,0.7373,sell,944645178113153,1757015600702
1757015601.216993,4275.0,0.6283,sell,20000970397269,1757015600769
1757015601.216993,4275.0,0.8378,sell,934658671406831,1757015600769
1757015601.216993,4275.0,0.6822,sell,917109521549773,1757015600769
1757015601.218053,4275.0,4.6839,sell,215330156491943,1757015600820
1757015601.4429967,4275.0,4.7701,sell,842042301450873,1757015601110
1757015601.5309982,4275.0,6.7874,sell,362106527873003,1757015601170
1757015601.7904153,4274.7,0.0112,sell,148131862609125,1757015601359
1757015601.974475,4274.7,0.0112,sell,765558055293888,1757015601581
1757015601.974475,4274.7,0.0112,sell,676363208983814,1757015601581
1757015601.974475,4274.7,0.0112,sell,627600602591565,1757015601581
1757015601.974475,4274.7,0.0112,sell,369963073140540,1757015601581
1757015601.974475,4274.7,0.0112,sell,333938167180935,1757015601581
1757015602.075246,4274.7,0.2464,sell,984547676174301,1757015601709
1757015602.2556653,4274.1,1.0,buy,534693679310195,1757015601775
1757015602.4348018,4274.0,0.0046,sell,593233382990631,1757015601969
1757015602.4348018,4273.7,0.0054,sell,187952860873533,1757015601969
1757015602.4348018,4273.7,0.0781,sell,5122546997233,1757015601969
1757015602.4348018,4273.7,0.0028,sell,716941984181704,1757015602026
1757015602.4348018,4273.7,0.0028,sell,151275256807548,1757015602026
1757015604.5752316,4273.6,0.24,sell,841764822096084,1757015604117
1757015604.5752316,4273.6,0.2316,sell,962177812114651,1757015604117
1757015606.7894664,4273.6,0.0601,sell,968845165731548,1757015606502
1757015607.544109,4273.7,0.0049,buy,220022096344784,1757015607047
1757015607.544109,4273.6,0.0047,sell,657046252200247,1757015607047
1757015608.4057233,4273.7,0.0058,buy,259320846920091,1757015608016
1757015608.978448,4273.7,0.0035,buy,974852578985780,1757015608320
1757015608.978448,4273.7,0.0035,buy,83551187935413,1757015608320
1757015609.435084,4273.7,0.004,buy,524097050231935,1757015609095
1757015609.5410554,4273.7,0.308,sell,105287739452360,1757015609197
1757015611.6949797,4274.4,0.0427,sell,48340400261168,1757015611262
1757015611.6949797,4274.4,0.039,sell,745722223097405,1757015611262
1757015611.7992828,4274.4,0.0037,sell,960897920213638,1757015611451
1757015611.7992828,4274.4,0.0427,sell,337422693762228,1757015611451
1757015611.7992828,4274.4,0.1076,sell,901657333840477,1757015611451
1757015612.2163253,4274.4,31.3832,sell,1113949343164357,1757015611856
1757015612.2163253,4274.4,5.8478,sell,50730552005097,1757015611856
1757015612.2163253,4274.4,3.8,sell,1063125431013083,1757015611856
1757015612.2163253,4274.4,0.11,sell,939568807152325,1757015611856
1757015612.2163253,4274.4,52.0171,sell,250687902998381,1757015611856
1757015612.2163253,4274.5,0.0049,buy,1075887751367251,1757015611856
1757015612.4256206,4274.4,0.038,sell,456330665941039,1757015612089
1757015613.3605146,4274.5,0.0041,buy,193021307637768,1757015613036
1757015615.030354,4274.5,0.015,buy,1110156364158711,1757015614698
1757015616.2425418,4274.4,0.0045,sell,119516199744407,1757015615951
1757015617.4509366,4274.4,0.0584,sell,491074190795437,1757015617066
1757015618.3978775,4274.5,0.0035,buy,188599024350133,1757015618069
1757015618.3978775,4274.4,0.0305,sell,61248265627642,1757015618069
1757015619.9065385,4274.5,0.2215,buy,1086722866446273,1757015619512
1757015619.9065385,4274.5,0.9795,buy,442064171032728,1757015619512
1757015624.4415705,4273.9,0.0731,sell,165092324005901,1757015624065
1757015624.939899,4273.9,0.0642,sell,46032034400716,1757015624607
1757015626.6372092,4274.0,0.0416,buy,554448810467826,1757015626435
1757015626.6372092,4274.0,2.3008,buy,699244358167097,1757015626435
1757015627.0956182,4274.0,2.3424,buy,160443371482163,1757015626841
1757015627.6895018,4274.0,7.3271,buy,528643933916501,1757015627355
1757015627.6895018,4274.0,0.24,buy,583968902824712,1757015627355
1757015629.0734885,4274.0,0.077,sell,1065302814531596,1757015628618
1757015631.8677344,4274.1,0.039,buy,97755911561081,1757015631344
1757015631.8677344,4274.4,3.5092,buy,959879110217954,1757015631344
1757015631.8677344,4274.5,0.0483,buy,736083076518343,1757015631344
1757015631.8677344,4274.5,1.4035,buy,1013095637775147,1757015631344
1757015632.4987428,4275.1,0.0028,sell,763072406172651,1757015632062
1757015632.4987428,4275.1,0.0028,sell,862804274071401,1757015632062
1757015634.4753957,4275.3,0.039,sell,995644279465135,1757015634024
1757015634.5112057,4275.4,4.6779,buy,690044281120313,1757015634087
1757015634.5112057,4275.4,4.6779,buy,562772747898988,1757015634087
1757015634.5112057,4275.4,4.6779,buy,230708188419417,1757015634087
1757015634.5112057,4275.4,7.0,buy,177951789606691,1757015634087
1757015634.5112057,4275.4,10.0,buy,347318129677940,1757015634087
1757015634.5112057,4275.4,1.9663,buy,1118372324675978,1757015634087
1757015636.2386606,4275.1,0.004,sell,847636210154350,1757015635695
1757015637.4038587,4273.9,0.0049,buy,463666821794988,1757015637044
1757015637.4038587,4273.8,0.0048,sell,674045993342511,1757015637044
1757015638.2482033,4273.8,2.9169,buy,758856453990540,1757015637970
1757015638.3365445,4273.8,0.0058,buy,870670793729890,1757015638021
1757015641.629452,4273.4,32.4156,sell,535747473300908,1757015641269
1757015643.4707744,4273.5,0.004,buy,138695185393828,1757015643081
1757015646.3995042,4273.1,0.0027,buy,1084970014952475,1757015646033
1757015647.451362,4273.0,0.0585,sell,262806729015866,1757015647045
1757015648.5424023,4273.1,0.0035,buy,479282846809780,1757015648056
1757015648.5424023,4273.0,0.0304,sell,1036841224680992,1757015648056
1757015654.505512,4273.2,0.0402,buy,1053508138022777,1757015653929
1757015654.505512,4273.2,0.24,buy,985759134564149,1757015653929
1757015654.505512,4273.3,0.0211,buy,1082886423453685,1757015653929
1757015654.5766451,4273.1,0.076,sell,853744214997842,1757015654030
1757015660.636841,4273.3,0.0191,buy,161130545083888,1757015660173
1757015660.636841,4273.4,0.0541,buy,126614174133743,1757015660173
1757015662.4299102,4274.2,0.0028,sell,181088645020901,1757015662032
1757015662.4299102,4274.2,0.0028,sell,822695142840129,1757015662032
1757015667.4023468,4274.6,0.0048,buy,786620083609235,1757015667021
1757015667.4023468,4274.5,0.0047,sell,792856962605514,1757015667021
1757015668.47355,4274.6,0.0059,buy,1066932243206227,1757015668077
1757015668.47355,4274.6,0.19,buy,672430272022765,1757015668077
1757015670.9841428,4274.6,0.2647,buy,761767622644950,1757015670660
1757015673.1496942,4275.3,0.0026,sell,620669212636897,1757015672821
1757015673.4619339,4275.4,0.004,buy,936634317285433,1757015673038
1757015674.8213415,4275.2,0.0515,sell,33649793850774,1757015674094
1757015674.8213415,4274.1,0.022,buy,668112865048627,1757015674333
1757015677.506335,4274.0,0.0585,sell,916178600161892,1757015677095
1757015677.8104355,4274.1,2.31,buy,268661328370631,1757015677505
1757015677.8104355,4274.1,5.0,buy,1122926381725287,1757015677505
1757015677.8104355,4274.1,0.1591,buy,81262772355126,1757015677505
1757015677.8104355,4274.1,1.1129,buy,34445641802706,1757015677505
1757015678.5566547,4274.1,0.0035,buy,398232586104642,1757015678112
1757015678.5566547,4274.0,0.0304,sell,75427621842992,1757015678112
1757015679.6707397,4274.4,0.0734,buy,1077061270564062,1757015678811
1757015680.6451337,4274.7,1.7034,buy,601953885164987,1757015680125
1757015681.1827133,4274.7,0.015,buy,592321657266280,1757015680630
1757015681.4398634,4275.2,0.0046,buy,415590954352372,1757015681003
1757015681.4398634,4275.2,0.0351,buy,318472810930095,1757015681003
1757015682.7014463,4275.4,0.015,sell,1018835255233060,1757015682250
1757015683.7564776,4275.4,2.3424,sell,914136947747009,1757015683325
1757015683.9634957,4275.4,2.3424,sell,845415613178863,1757015683684
1757015684.6122916,4275.4,0.0732,sell,382701899871047,1757015684031
1757015684.7640152,4275.4,2.3424,sell,106321819949968,1757015684089
1757015685.6602187,4275.5,0.1169,buy,687038790027290,1757015685359
1757015685.6602187,4275.5,1.239,buy,138352298680056,1757015685359
1757015685.901811,4275.5,0.0467,buy,154949291476622,1757015685559
1757015691.2424378,4275.5,2.3424,buy,87465742535280,1757015690886
1757015691.482164,4275.5,2.3347,buy,1066389959677030,1757015691022
1757015691.482164,4275.5,4.6779,buy,732985645727239,1757015691022
1757015691.547925,4276.1,0.0112,buy,669836449271345,1757015691108
1757015691.5716236,4276.1,0.1888,buy,302970737855193,1757015691159
1757015691.5716236,4276.3,0.0012,buy,762047020928695,1757015691159
1757015692.530341,4276.2,0.0028,sell,711915315226211,1757015692068
1757015692.530341,4276.2,0.0028,sell,610428186017592,1757015692068
1757015693.3618634,4276.3,0.11,buy,284025642872911,1757015692959
1757015693.3618634,4276.3,0.7906,buy,790799209196360,1757015692959
1757015694.448411,4276.2,0.2278,sell,848198309508729,1757015693887
1757015696.2180054,4275.7,0.011,buy,24045426284681,1757015695939
1757015696.780381,4275.6,1.344,sell,591923074806865,1757015696463
1757015696.780381,4275.5,0.3594,sell,670649243151915,1757015696463
1757015697.4388483,4275.5,0.0049,buy,1052765760513054,1757015697003
1757015697.4388483,4275.4,0.0048,sell,1025099900190293,1757015697003
1757015697.6962473,4275.5,0.6572,buy,502473141282486,1757015697145
1757015697.6962473,4275.5,1.1246,buy,197552875627031,1757015697145
1757015697.6962473,4275.4,1.9194,buy,385608023837500,1757015697277
1757015697.6967564,4275.3,0.8772,sell,968667175775253,1757015697328
1757015698.4000406,4275.2,0.0058,buy,876790416353544,1757015698028
1757015698.6857164,4275.2,0.006,buy,715455394083093,1757015698296
1757015701.968798,4275.2,4.994,buy,586416602635599,1757015701360
1757015701.968798,4275.2,5.0,buy,657415715967577,1757015701360
1757015701.968798,4275.2,5.8873,buy,533504722621701,1757015701360
1757015703.5851886,4274.9,0.004,buy,431034315971963,1757015703091
1757015706.4171326,4275.5,0.0027,buy,160513710777501,1757015706000
1757015707.1818225,4275.2,0.0421,sell,2058086089947,1757015706745
1757015707.1818225,4275.2,0.0421,sell,986909846083948,1757015706745
1757015707.1818225,4275.2,0.9785,sell,1006880093503313,1757015706745
1757015707.1818225,4275.2,2.1557,sell,471978562981881,1757015706745
1757015707.3831825,4275.2,0.0585,sell,986057552686646,1757015707025
1757015708.3926091,4275.6,0.0034,buy,977241530960229,1757015708005
1757015708.3926091,4275.5,0.0305,sell,24177592072888,1757015708005
1757015710.1777933,4275.5,0.0585,sell,36585839956786,1757015709339
1757015710.3377783,4275.5,2.5483,sell,770089464817067,1757015709978
1757015710.3377783,4275.5,3.7836,sell,18661850050595,1757015709978
1757015710.3377783,4275.5,4.001,sell,647123694576960,1757015709978
1757015710.3377783,4275.5,5.0,sell,109976280319826,1757015709978
1757015710.3377783,4275.5,0.5484,sell,1041621956555762,1757015709978
1757015712.495371,4275.3,1.7331,sell,808262193107251,1757015712123
1757015712.8100357,4275.4,0.039,buy,410353267068075,1757015712428
1757015712.9297051,4275.5,0.039,buy,1108672486025598,1757015712614
1757015714.0740316,4276.6,0.1943,sell,504484930908648,1757015713721
1757015714.2329223,4276.6,0.0037,sell,582367546518265,1757015713890
1757015715.0834823,4276.6,0.0514,sell,13081633578631,1757015714122
1757015717.8475027,4276.7,0.1169,buy,370584674158124,1757015717425
1757015717.8475027,4276.7,0.239,buy,964967263114533,1757015717425
1757015717.8475027,4276.9,0.1169,buy,344943244676908,1757015717425
1757015717.8475027,4276.9,0.5272,buy,832885403147420,1757015717425
1757015720.3218222,4277.1,0.0154,buy,457410283586540,1757015719574
1757015720.3218222,4277.1,0.054,buy,745436030275095,1757015719574
1757015720.3218222,4277.3,0.0026,buy,978074406953266,1757015719574
1757015720.3218222,4277.5,0.02,buy,808375470430121,1757015719574
1757015720.3218222,4277.8,0.0046,buy,599530079305433,1757015719574
1757015720.3218222,4278.0,0.0234,buy,495892616012893,1757015719574
1757015721.8007329,4277.9,0.0028,sell,977424519297356,1757015721096
1757015722.42502,4277.9,0.0028,sell,13020222073417,1757015722061
1757015723.7356164,4277.9,0.0346,sell,343151082558957,1757015723392
1757015725.7610846,4278.0,1.9766,buy,979295185408061,1757015725413
1757015725.7610846,4278.0,0.0467,buy,294140120703999,1757015725413
1757015726.2817314,4278.2,0.4062,buy,1084708827042385,1757015725857
1757015726.2817314,4278.2,0.0684,buy,488474593514367,1757015725857
1757015726.781677,4278.8,0.1168,buy,1044146325873421,1757015726412
1757015726.781677,4278.9,0.239,buy,1117757959532243,1757015726412
1757015726.781677,4279.1,0.0043,buy,600888691055364,1757015726412
1757015726.781677,4279.3,0.2,buy,439451014593039,1757015726412
1757015726.781677,4279.3,0.9138,buy,499947521858103,1757015726412
1757015726.781677,4279.3,1.4237,buy,563655625248382,1757015726412
1757015727.3939445,4279.4,0.0048,buy,1001969384972904,1757015727025
1757015727.3939445,4279.3,0.0048,sell,450316631148723,1757015727025
1757015728.3613474,4278.5,0.0058,buy,677528094929049,1757015728016
1757015728.8417969,4278.5,0.1,buy,43020132981568,1757015728582
1757015732.1192405,4278.0,0.007,buy,300379799184786,1757015731785
1757015733.5097694,4277.9,0.004,buy,87623730652837,1757015733046
1757015735.279971,4277.6,0.054,sell,863196333240368,1757015734620
1757015735.279971,4277.6,0.4148,sell,965732518108459,1757015734620
1757015735.279971,4277.6,0.4688,sell,428331761414234,1757015734620
1757015735.279971,4277.6,0.4688,sell,1030438319209155,1757015734713
1757015735.279971,4277.6,0.4688,sell,721468550595836,1757015734787
1757015735.279971,4277.6,0.4688,sell,133412062841736,1757015734787
1757015735.279971,4277.6,0.4688,sell,425216725589855,1757015734787
1757015735.7596042,4277.7,0.0084,buy,3876711043148,1757015735270
1757015736.6725547,4278.0,0.0234,sell,511913865614226,1757015736333
1757015737.3621793,4278.0,0.0412,sell,243748835545898,1757015736996
1757015737.3621793,4278.0,0.1758,sell,421188954825947,1757015736996
1757015737.3797586,4278.0,0.0585,sell,701992327028507,1757015737081
1757015737.8545601,4278.6,0.0051,buy,754166650919197,1757015737639
1757015737.8545601,4278.6,0.0777,buy,622562950541605,1757015737639
1757015738.3000855,4278.6,0.0035,buy,951626968553636,1757015738001
1757015738.3000855,4278.5,0.0304,sell,92053259314826,1757015738001
1757015740.798958,4278.5,1.0686,sell,396880738002723,1757015740376
1757015740.798958,4278.5,1.0333,sell,771564352463002,1757015740376
1757015740.798958,4278.5,0.1169,sell,324974170969479,1757015740376
1757015740.798958,4278.5,0.068,sell,464486117698650,1757015740376
1757015741.7645001,4278.6,0.0684,buy,497042913946591,1757015741393
1757015741.7645001,4278.8,0.239,buy,755033343265004,1757015741393
1757015741.7645001,4278.9,4.4309,buy,849108845012254,1757015741393
1757015742.7961116,4278.8,3.5056,buy,804544296226432,1757015742519
1757015742.7961116,4278.8,6.5969,buy,847173208395056,1757015742519
1757015742.7961116,4278.8,0.239,buy,1115812992094619,1757015742519
1757015742.7961116,4278.8,6.3512,buy,703184427649776,1757015742519
1757015744.3943448,4278.7,0.0992,sell,714322006767814,1757015744079
1757015745.2689455,4278.7,0.1456,sell,852716657283297,1757015744882
1757015745.4501698,4278.8,0.0109,buy,1052060308332455,1757015745081
1757015746.642865,4278.9,0.108,sell,679288169767017,1757015746301
1757015747.699861,4279.0,0.015,buy,233839332059322,1757015747306
1757015747.8351338,4279.0,0.0067,buy,927162903112981,1757015747464
1757015748.662243,4278.5,0.8988,buy,654617531689526,1757015748273
1757015749.1028585,4278.4,0.0045,sell,448546392505083,1757015748724
1757015750.3642204,4278.5,3.6382,buy,254484853841489,1757015749842
1757015752.601848,4278.4,0.0028,sell,534604616826269,1757015752044
1757015752.606568,4278.4,0.0628,sell,783154502182965,1757015752247
1757015752.606568,4278.4,5.8416,sell,506579291832233,1757015752247
1757015752.606568,4278.4,0.0068,sell,637538115712373,1757015752247
1757015752.606568,4278.4,4.6746,sell,634172109863652,1757015752247
1757015752.606568,4278.4,0.9138,sell,1108525161298163,1757015752247
1757015752.606568,4278.4,0.0669,sell,1081709593760342,1757015752247
1757015752.606568,4278.4,1.0769,sell,658612532872357,1757015752247
1757015752.606568,4278.4,52.58,sell,197671508786777,1757015752247
1757015752.606568,4278.4,77.1201,sell,513089739457912,1757015752247
1757015752.606568,4278.4,4.6746,sell,189791752412196,1757015752247
1757015752.606568,4278.4,9.3541,sell,581650238983850,1757015752247
1757015752.606568,4278.4,3.4372,sell,1040009858086996,1757015752247
1757015752.606568,4278.4,9.8,sell,1057477537686963,1757015752247
1757015752.606568,4278.4,0.0129,sell,377375788639848,1757015752247
1757015753.287152,4278.5,0.463,buy,631815109982715,1757015752974
1757015753.287152,4278.5,2.31,buy,1079258301314023,1757015752974
1757015753.287152,4278.5,2.227,buy,939437443684008,1757015752974
1757015754.212186,4278.5,0.4382,buy,288151059356265,1757015753947
1757015755.2332659,4278.5,0.8186,buy,1103599286846195,1757015754458
1757015757.388239,4278.0,0.0049,buy,312790241812970,1757015757059
1757015757.388239,4277.9,0.0047,sell,175162415361714,1757015757059
1757015758.4037714,4278.0,0.0059,buy,1112914956022042,1757015758078
1757015760.0107176,4278.0,9.9941,buy,986528661161180,1757015759428
1757015760.0107176,4278.0,10.0,buy,355451658448658,1757015759428
1757015760.0107176,4278.0,10.0,buy,92340001082776,1757015759428
1757015760.0107176,4278.0,4.996,buy,902485231986149,1757015759428
1757015760.0107176,4278.0,5.0,buy,1017242627679976,1757015759428
1757015760.0107176,4278.0,5.0,buy,87792545219182,1757015759428
1757015760.0107176,4278.0,10.0,buy,1031185704468661,1757015759428
1757015760.0107176,4278.0,2.31,buy,852076415253900,1757015759428
1757015760.0107176,4278.0,1.0552,buy,913835813243361,1757015759428
1757015760.0107176,4278.0,4.6746,buy,896225228984134,1757015759428
1757015760.0107176,4278.0,0.004,buy,888966682759574,1757015759428
1757015760.0107176,4278.0,0.24,buy,684107204947304,1757015759428
1757015760.0107176,4278.0,0.054,buy,1117883721403255,1757015759428
1757015760.0107176,4278.0,2.3374,buy,915771784655106,1757015759428
1757015760.0107176,4278.0,2.6877,buy,618189174634084,1757015759428
1757015761.1523468,4278.1,0.01,buy,349460643300414,1757015760827
1757015762.5459464,4278.1,0.0285,buy,733129892970963,1757015762242
1757015762.5459464,4278.1,0.027,buy,143181172877156,1757015762242
1757015763.2603512,4278.2,0.0385,buy,957772967612425,1757015762871
1757015763.735621,4278.7,0.004,buy,69799114613144,1757015763067
1757015765.508379,4278.8,0.026,buy,824323802404717,1757015764896
1757015765.518583,4278.7,0.014,sell,371242224386892,1757015765199
1757015766.032552,4278.7,0.0289,sell,555822248115094,1757015765625
1757015767.4128203,4278.7,0.0584,sell,940314354256612,1757015767047
1757015768.4241452,4278.8,0.0035,buy,1060245639688109,1757015768023
1757015768.4241452,4278.7,0.0304,sell,695099696285397,1757015768023
1757015770.7423203,4278.4,0.9302,sell,583961961191750,1757015770455
1757015772.9860325,4278.5,0.0684,buy,194739857969627,1757015772573
1757015773.200161,4279.1,0.007,sell,329903950725681,1757015772763
1757015773.5459104,4279.2,0.0154,buy,710749658018485,1757015773097
1757015773.6002405,4279.2,0.0642,buy,954784108100062,1757015773184
1757015774.5180106,4279.2,0.0514,sell,167153818606311,1757015774010
1757015779.4879029,4279.7,1.0,buy,200561734066906,1757015778865
1757015779.4879029,4279.9,0.0129,buy,1015126338907505,1757015778865
1757015779.4879029,4279.9,0.0071,buy,482210033065465,1757015778865
1757015781.5284288,4279.8,0.0028,sell,967051132170074,1757015781070
1757015782.449235,4279.8,0.0028,sell,661188533658482,1757015782065
1757015784.128317,4279.9,0.1097,buy,1014623426943583,1757015783868
1757015784.128317,4279.9,0.24,buy,1038952650753019,1757015783868
1757015784.128317,4280.0,0.01,buy,160072107008426,1757015783868
1757015784.128317,4280.0,0.4059,buy,762463342869754,1757015783868
1757015784.128317,4280.0,0.0043,buy,713225732355872,1757015783868
1757015784.128317,4280.1,1.3,buy,121700031793586,1757015783868
1757015784.128317,4280.1,2.2141,buy,885798001101071,1757015783868
1757015787.6066601,4280.2,0.0049,buy,709148191234131,1757015787069
1757015787.6066601,4280.1,0.0048,sell,383444964247728,1757015787069
1757015787.6076958,4280.2,0.0612,buy,705344470215071,1757015787189
1757015787.6576774,4280.2,1.4893,buy,447128433773409,1757015787321
1757015788.3620098,4280.2,0.0058,buy,145365965208300,1757015788014
1757015788.843912,4279.6,0.9791,sell,521486544517102,1757015788461
1757015788.843912,4279.8,3.9459,buy,397308643331482,1757015788461
1757015790.5066955,4279.7,0.1544,buy,74441811413360,1757015789695
1757015790.5066955,4279.7,4.6741,buy,865036039353183,1757015789695
1757015790.5066955,4279.7,4.6741,buy,99307593899008,1757015789695
1757015790.5066955,4279.7,1.0091,buy,677251844268153,1757015789695
1757015790.5066955,4279.7,5.0,buy,951559791986499,1757015789695
1757015790.5066955,4279.7,0.028,buy,893847128433192,1757015789695
1757015791.6390321,4279.6,2.339,sell,630119163634688,1757015791207
1757015791.8802114,4279.6,2.339,sell,381034550647192,1757015791467
1757015792.482398,4279.6,0.0112,sell,376103258961978,1757015792036
1757015792.482398,4279.6,0.0112,sell,314027186791312,1757015792036
1757015793.1521814,4279.6,0.3205,sell,1763027923710,1757015792851
1757015794.4928284,4278.5,0.004,buy,750617461881658,1757015794034
1757015794.4928284,4278.5,0.0155,buy,325660407053233,1757015794034
1757015796.3435333,4278.5,0.0027,buy,597863539682397,1757015796004
1757015797.3839998,4278.1,0.0585,sell,632367463110732,1757015797033
1757015798.3590505,4278.2,1.5535,buy,1040924864791791,1757015797978
1757015798.3590505,4278.2,4.6746,buy,123726162288752,1757015797978
1757015798.3590505,4278.2,2.6586,buy,315690472913988,1757015797978
1757015798.48256,4278.2,0.0034,buy,204925190916034,1757015798065
1757015798.48256,4278.1,0.0305,sell,1100262295264765,1757015798065
1757015799.927344,4278.1,0.0067,sell,132501339170317,1757015799581
1757015801.2809618,4278.1,0.4673,sell,897392607262014,1757015800953
1757015802.5105522,4278.2,0.0079,buy,477860618375227,1757015802020
1757015803.351169,4278.2,0.0155,buy,299296258962786,1757015803061
1757015804.1194804,4278.2,0.0077,buy,258301339405213,1757015803847
1757015804.2689822,4278.1,0.0652,sell,429023513757616,1757015804040
1757015806.261235,4278.1,0.0254,sell,1103703674687281,1757015805944
1757015806.4505293,4278.2,0.0077,buy,1056463972528071,1757015806176
1757015807.4764476,4278.2,0.0137,buy,7502871448799,1757015807065
1757015808.4955945,4278.2,0.0077,buy,775820074545421,1757015808222
1757015810.91112,4278.0,0.4688,sell,773470520730489,1757015810039
1757015811.0273669,4278.0,0.4688,sell,1025113129776379,1757015810171
1757015811.0273669,4278.0,0.4688,sell,974024693631496,1757015810171
1757015811.0273669,4278.0,0.4688,sell,606837253057418,1757015810171
1757015811.0273669,4278.0,0.4688,sell,918315876634701,1757015810171
1757015811.1362007,4278.0,0.4688,sell,934426908258428,1757015810303
1757015811.1362007,4278.0,0.4688,sell,646822352443247,1757015810303
1757015811.1362007,4278.0,0.4688,sell,82181255272953,1757015810303
1757015811.1362007,4278.0,6.2496,sell,3062964178193,1757015810303
1757015811.3450718,4277.7,0.0077,buy,953631499115414,1757015810949
1757015812.3687336,4277.6,0.0028,sell,1052539588777197,1757015812056
1757015812.3687336,4277.6,0.0028,sell,695633043747244,1757015812056
1757015812.4286275,4277.7,0.4874,buy,1098121631543972,1757015812109
1757015813.8712752,4277.6,0.0112,sell,1008681710760146,1757015813332
1757015813.8712752,4277.6,0.2893,sell,1089298165546732,1757015813332
1757015813.8712752,4277.3,0.0046,sell,229625379179319,1757015813332
1757015813.8712752,4277.0,0.227,sell,239318278803868,1757015813332
1757015813.8712752,4277.0,0.0112,sell,765034857503376,1757015813332
1757015814.0415523,4277.0,0.1418,sell,663039115663345,1757015813483
1757015814.0446882,4276.1,0.145,sell,87469354246443,1757015813571
1757015814.0446882,4276.2,0.0045,buy,366343082756540,1757015813571
1757015814.3280683,4276.1,0.055,sell,736440471191896,1757015813878
1757015814.3280683,4276.1,0.0046,sell,763056217076771,1757015813878
1757015814.3280683,4275.8,0.0618,sell,171279101764012,1757015813878
1757015814.550957,4275.9,0.0077,buy,897435541215726,1757015814061
1757015815.3007739,4275.6,1.1753,buy,968404747333812,1757015814855
1757015816.1216843,4275.5,0.015,sell,533655017904986,1757015815099
1757015817.5276139,4275.6,0.0048,buy,183255116700492,1757015817083
1757015817.5276139,4275.5,0.0047,sell,462719476680177,1757015817083
1757015818.5420756,4275.6,0.0059,buy,826125887895414,1757015818070
1757015823.5342796,4275.6,0.004,buy,682069851311891,1757015823067
1757015824.4726553,4275.6,0.0156,buy,1056495755783377,1757015824074
1757015826.0650444,4275.5,0.098,sell,630114383115489,1757015825360
1757015827.473862,4275.5,0.0585,sell,180089789165293,1757015827004
1757015828.4463525,4275.6,0.0035,buy,935619886755940,1757015828017
1757015828.4463525,4275.5,0.0304,sell,462744964488661,1757015828017
1757015829.5338109,4276.1,0.012,sell,1037248494681624,1757015829026
1757015831.4117014,4276.4,0.0642,sell,724130333590134,1757015830935
1757015832.5733638,4276.5,0.008,buy,964975449518043,1757015832073
1757015833.4009364,4276.5,0.0155,buy,717159610506271,1757015833008
1757015834.4573665,4276.6,0.0804,sell,245139264255800,1757015834011
1757015834.8389783,4276.7,0.7016,buy,979152937517835,1757015834498
1757015837.4833107,4276.3,0.0138,buy,389793923013079,1757015837052
1757015838.0090861,4275.8,0.0032,sell,249460964430889,1757015837661
1757015838.8614392,4275.6,0.0077,buy,412009148651539,1757015838535
1757015841.5853083,4275.6,0.0077,buy,197785063223674,1757015841000
1757015842.4005957,4275.5,0.0028,sell,762217309516783,1757015842013
1757015842.4005957,4275.5,0.0028,sell,442454464358967,1757015842013
1757015843.2174733,4275.6,0.0077,buy,526203633842723,1757015842968
1757015846.2122188,4275.6,0.0077,buy,940576805459677,1757015845815
1757015847.5021799,4276.6,0.0049,buy,640699067934485,1757015847141
1757015847.5021799,4276.5,0.0048,sell,7848033962666,1757015847141
1757015848.3967402,4276.6,0.0058,buy,910699598014030,1757015848007
1757015849.5727856,4276.6,2.3136,sell,432742854124876,1757015849118
1757015849.5727856,4276.6,7.6864,sell,46565773256632,1757015849118
1757015853.1485388,4275.5,0.0766,sell,630032864860320,1757015852744
1757015853.4126313,4275.6,0.0041,buy,1076276847417584,1757015853041
1757015854.1653292,4275.6,0.15,buy,839093857129685,1757015853785
1757015854.4685936,4275.2,0.0156,buy,533362905583784,1757015854053
1757015856.5246875,4275.2,0.0027,buy,103566366944724,1757015856082
1757015857.5166273,4275.1,0.0585,sell,1032010844000527,1757015857065
1757015857.7191007,4275.2,0.266,buy,779664618389344,1757015857379
1757015857.7270625,4275.1,0.0678,sell,511168644061720,1757015857430
1757015858.5198863,4275.2,0.0035,buy,194689824489314,1757015858013
1757015858.5198863,4275.1,0.0305,sell,499361216303208,1757015858013
1757015860.5341048,4275.3,0.5613,sell,725783165231946,1757015860151
1757015863.4001355,4275.4,0.008,buy,449809423901166,1757015863051
1757015863.4001355,4275.4,0.0155,buy,800003332167683,1757015863051
1757015864.5102036,4275.4,0.0876,sell,59204544101176,1757015864072
1757015867.4464753,4275.8,0.0138,buy,561071289640500,1757015867047
1757015868.1225338,4275.3,0.0406,sell,920011891626664,1757015867813
1757015868.1225338,4275.3,0.0794,sell,220220262125610,1757015867813
1757015868.9373622,4275.3,0.0452,sell,466550403829534,1757015868681
1757015870.783957,4275.2,0.2456,buy,710505007814359,1757015870439
1757015872.4535122,4275.1,0.0028,sell,92234744728456,1757015872015
1757015872.4535122,4275.1,0.0028,sell,376271294908225,1757015872015
1757015877.4120762,4275.2,0.0049,buy,998076203043736,1757015877045
1757015877.4120762,4275.1,0.0047,sell,937180004287312,1757015877045
1757015878.4548843,4275.3,0.0024,buy,102442276404167,1757015878058
1757015878.4548843,4275.3,0.0034,buy,603092903390894,1757015878058
1757015879.677603,4275.3,0.239,buy,890847409937825,1757015879204
1757015879.677603,4275.4,0.1169,buy,540653525160031,1757015879204
1757015879.677603,4275.4,2.563,buy,256918492252718,1757015879204
1757015881.1187074,4275.4,0.015,buy,1041302601347488,1757015880366
1757015882.3090637,4275.2,0.004,sell,100804902372094,1757015881821
1757015882.3090637,4275.2,0.0005,sell,621647704731678,1757015881821
1757015883.8803618,4275.2,0.004,buy,236046540154877,1757015883110
1757015883.8803618,4275.2,0.0157,buy,817517994313989,1757015883190
1757015884.4844494,4275.2,0.0156,buy,398853885127233,1757015884077
1757015887.4472768,4275.3,0.0585,sell,336971955876098,1757015887029
1757015888.5789537,4275.4,0.0035,buy,303356096595166,1757015888041
1757015888.5789537,4275.3,0.0304,sell,417296280907565,1757015888041
