timestamp,price,size,side,trade_id,exchange_timestamp
1757015216.8741748,0.1871,2379.0,sell,590381555044680,1757015173392
1757015216.8741748,0.18704,751.0,buy,816203125359740,1757015181052
1757015216.8741748,0.18704,206.0,buy,738678883242413,1757015181052
1757015216.8741748,0.18701,111.0,buy,730334993557530,1757015182058
1757015216.8741748,0.187,200.0,buy,33517119819780,1757015188029
1757015216.8741748,0.18707,619.0,buy,786835740787322,1757015188029
1757015216.8741748,0.18705,8028.0,sell,367590509381689,1757015193073
1757015216.8741748,0.18696,357.0,sell,1060165288929936,1757015194435
1757015216.8741748,0.1868,1607.0,sell,952177085482374,1757015194435
1757015216.8741748,0.1868,1607.0,sell,168737174106426,1757015194435
1757015216.8741748,0.1868,1518.0,sell,542632134543990,1757015194521
1757015216.8741748,0.1868,1607.0,sell,318977980619652,1757015194521
1757015216.8741748,0.1868,1607.0,sell,393132203821166,1757015194521
1757015216.8741748,0.1868,3241.0,sell,636108428818106,1757015194624
1757015216.8741748,0.1867,5346.0,sell,835347144334209,1757015194624
1757015216.8741748,0.1867,2983.0,sell,378910933870880,1757015194624
1757015216.8741748,0.1865,80.0,sell,654714990526782,1757015199037
1757015216.8741748,0.18653,751.0,buy,1092870531788399,1757015200070
1757015216.8741748,0.1865,70.0,sell,124806804805958,1757015202101
1757015216.8741748,0.18633,8000.0,sell,471691027012893,1757015207831
1757015216.8741748,0.18634,536.0,buy,763619067992523,1757015209500
1757015216.8741748,0.18633,527.0,sell,336806444946064,1757015209783
1757015216.8741748,0.1863,533.0,sell,872183362274619,1757015209783
1757015216.8741748,0.18627,19217.0,sell,638175382376269,1757015209783
1757015216.8741748,0.18653,751.0,buy,942405656964601,1757015211092
1757015216.8741748,0.18653,206.0,buy,840386681703467,1757015211092
1757015216.8741748,0.18642,152.0,sell,533274926072097,1757015211998
1757015216.8741748,0.18648,112.0,buy,756263368206790,1757015212098
1757015216.8741748,0.18656,20265.0,sell,999685043859012,1757015213925
1757015216.8741748,0.18661,4461.0,sell,322286067501631,1757015215414
1757015216.9974003,0.18643,92.0,sell,587432354306092,1757015216528
1757015216.9974003,0.18643,125.0,sell,762600900792756,1757015216528
1757015217.0287766,0.18643,121.0,sell,650882919331294,1757015216627
1757015217.2344,0.18643,152.0,sell,803212721157569,1757015216872
1757015218.0340629,0.1864,20261.0,sell,957477636844945,1757015217721
1757015218.4863973,0.18641,820.0,buy,147485299215513,1757015218073
1757015219.536661,0.18655,1986.0,buy,1115655354364345,1757015219197
1757015219.536661,0.18656,1538.0,buy,34402275476401,1757015219197
1757015220.2937891,0.18655,153.0,sell,852642660302560,1757015219488
1757015220.294303,0.18645,116.0,sell,101887228170703,1757015219601
1757015220.5115337,0.18646,8404.0,buy,1111107725079459,1757015220005
1757015220.5115337,0.18646,8404.0,buy,569382144208566,1757015220005
1757015222.7352116,0.18665,2653.0,sell,188318782911279,1757015222230
1757015222.7352116,0.18664,17611.0,sell,343447229693331,1757015222230
1757015223.2015355,0.18676,8915.0,sell,166500172317188,1757015222826
1757015223.461659,0.18676,5666.0,sell,1088745233254732,1757015223057
1757015224.3990445,0.18675,93.0,sell,444729934806479,1757015224101
1757015224.454419,0.18675,153.0,sell,224263338144621,1757015224156
1757015224.454419,0.18675,83.0,sell,1048009667290217,1757015224156
1757015224.6087837,0.18675,126.0,sell,618679759057368,1757015224291
1757015224.6087837,0.18675,122.0,sell,322690757418308,1757015224291
1757015227.1814556,0.18676,5377.0,sell,747054272352893,1757015226843
1757015227.1814556,0.18676,10263.0,sell,890002177974081,1757015226843
1757015227.1814556,0.18676,577.0,sell,428611389323923,1757015226843
1757015227.1814556,0.18671,2162.0,sell,99332583144735,1757015226843
1757015228.8912668,0.18662,3.0,sell,156310129460416,1757015228519
1757015228.8912668,0.18662,44.0,sell,751985797917691,1757015228519
1757015228.8912668,0.18662,17.0,sell,125809013837831,1757015228519
1757015229.0048208,0.18662,7.0,sell,402276655341144,1757015228593
1757015229.0048208,0.18662,3.0,sell,334331570141506,1757015228593
1757015229.0048208,0.18662,7.0,sell,1104413520223769,1757015228593
1757015229.0807393,0.18663,6.0,sell,358161679945284,1757015228697
1757015229.0807393,0.18663,3.0,sell,177959530102073,1757015228697
1757015229.476179,0.18663,80.0,sell,153048548301101,1757015229098
1757015229.7796066,0.18661,4934.0,sell,376117902937090,1757015229431
1757015230.5794935,0.18661,751.0,buy,402590344677809,1757015230068
1757015241.4957771,0.18639,751.0,buy,931120848583751,1757015241081
1757015241.4957771,0.18639,206.0,buy,277284395146708,1757015241081
1757015242.4896393,0.18638,111.0,buy,812853584229392,1757015242062
1757015245.7243354,0.1865,1454.0,buy,1016761998263180,1757015245283
1757015245.7243354,0.18655,1986.0,buy,579406729861166,1757015245283
1757015245.7243354,0.18655,83.0,buy,517572746496351,1757015245283
1757015246.531731,0.18636,13290.0,sell,213583378395709,1757015246135
1757015247.3433163,0.1863,358.0,sell,192330301711833,1757015246848
1757015247.3433163,0.1863,1586.0,sell,526844488395246,1757015246848
1757015248.5370204,0.18631,820.0,buy,261432777711443,1757015248057
1757015249.9430528,0.18613,1612.0,sell,111934839659763,1757015249668
1757015249.9430528,0.18613,1612.0,sell,126395986298434,1757015249668
1757015250.7490277,0.18613,1612.0,sell,135705034833718,1757015249803
1757015250.7490277,0.18613,1612.0,sell,978158109539308,1757015249803
1757015251.7943003,0.18609,6552.0,buy,801359198594213,1757015251485
1757015251.7943003,0.18609,9665.0,buy,222623866040245,1757015251485
1757015251.7943003,0.18611,3201.0,buy,212121186760582,1757015251485
1757015253.3406327,0.186,150.0,sell,475857250353972,1757015253019
1757015253.3406327,0.186,1454.0,sell,1106419722112724,1757015253019
1757015253.3406327,0.18597,5277.0,sell,817286465226109,1757015253019
1757015255.763003,0.18604,535.0,buy,609261084311311,1757015254974
1757015255.8473854,0.18604,535.0,buy,1013436883049702,1757015255036
1757015255.8479004,0.18598,5870.0,buy,480469370832533,1757015255211
1757015255.8479004,0.18598,5870.0,buy,923271586430179,1757015255211
1757015255.8479004,0.18598,5759.0,buy,205125060159530,1757015255211
1757015255.8479004,0.18598,17499.0,buy,14442658954126,1757015255211
1757015255.8479004,0.18598,10780.0,buy,63767361963246,1757015255211
1757015255.8479004,0.18598,6719.0,buy,593376448656389,1757015255211
1757015255.8479004,0.18599,13183.0,buy,454590912991012,1757015255211
1757015259.0216384,0.18578,535.0,buy,458069633824948,1757015258708
1757015259.4081948,0.18577,80.0,sell,78274667499555,1757015259025
1757015259.8894758,0.18578,5348.0,sell,83902675376416,1757015259519
1757015259.8894758,0.18577,6011.0,sell,302974186065326,1757015259519
1757015259.8894758,0.18576,5335.0,sell,240779822763052,1757015259519
1757015259.8894758,0.18575,41979.0,sell,641255158116176,1757015259519
1757015260.7147903,0.18578,751.0,buy,751348655088449,1757015260036
1757015260.799252,0.18583,8616.0,sell,110816507325646,1757015260450
1757015260.799252,0.18583,2851.0,sell,171758573390041,1757015260450
1757015270.0749173,0.18593,193.0,sell,1055748263185349,1757015269632
1757015271.4415014,0.18601,751.0,buy,1090583122751276,1757015271043
1757015271.4415014,0.18601,205.0,buy,865896810588928,1757015271043
1757015272.2505715,0.18587,5378.0,sell,585764512439778,1757015271881
1757015272.4514568,0.18588,112.0,buy,474741491141501,1757015272016
1757015273.8512838,0.18581,1786.0,sell,706998709423256,1757015273544
1757015273.8512838,0.18581,1786.0,sell,1081646753973585,1757015273544
1757015274.3311749,0.18576,3988.0,buy,732300011338692,1757015273994
1757015278.11319,0.18591,24006.0,sell,449947777670202,1757015277724
1757015278.11319,0.18591,1583.0,sell,523215305319425,1757015277724
1757015278.11319,0.18589,16217.0,sell,376846722410998,1757015277724
1757015278.11319,0.18589,22382.0,sell,341812178601293,1757015277724
1757015278.4117298,0.18592,538.0,buy,1055090524837606,1757015278026
1757015278.4117298,0.18592,282.0,buy,215071963590813,1757015278026
1757015279.6673632,0.18602,5000.0,buy,707715976134139,1757015279381
1757015282.168959,0.18596,5000.0,buy,410153848923190,1757015281655
1757015282.5327084,0.18595,4300.0,sell,294566550579863,1757015282080
1757015282.8635752,0.18601,8927.0,sell,932913206642810,1757015282579
1757015283.3474169,0.18595,6814.0,sell,466752129207594,1757015283026
1757015289.5101507,0.18621,80.0,sell,57942454353916,1757015289075
1757015290.507145,0.1863,751.0,buy,627245514376497,1757015290074
1757015292.8290768,0.18619,5000.0,buy,344382034660661,1757015292419
1757015295.4837224,0.1861,5000.0,buy,11777226697375,1757015295163
1757015298.9870327,0.1861,16224.0,buy,76013197394492,1757015298688
1757015301.7336574,0.1861,751.0,buy,722280077351229,1757015301020
1757015301.7336574,0.1861,206.0,buy,695814113000502,1757015301020
1757015302.6052063,0.1861,112.0,buy,174410131575488,1757015302105
1757015302.6052063,0.18608,1128.0,sell,616493785956916,1757015302105
1757015303.5529768,0.1861,537.0,buy,68112321755002,1757015303245
1757015303.5529768,0.1861,4463.0,buy,894822792633474,1757015303245
1757015314.5738013,0.18655,487.0,sell,296524697005766,1757015314309
1757015318.4204085,0.18656,9502.0,buy,613994570547204,1757015318132
1757015318.898988,0.1866,2264.0,buy,1033781213573020,1757015318590
1757015319.4065819,0.18653,81.0,sell,202719464625708,1757015319077
1757015320.4802809,0.1866,751.0,buy,1642018574088,1757015320059
1757015331.7275674,0.1865,751.0,buy,28547845763787,1757015331077
1757015331.7275674,0.1865,206.0,buy,424452289289299,1757015331077
1757015332.3757408,0.18625,111.0,buy,58922859033091,1757015332000
1757015332.3757408,0.1862,806.0,sell,485524892859560,1757015332000
1757015332.8447266,0.18612,23112.0,sell,734813008057803,1757015332475
1757015332.8447266,0.18612,894.0,sell,944494011048640,1757015332475
1757015332.8447266,0.18612,3386.0,sell,855855509119984,1757015332475
1757015332.8447266,0.18612,1614.0,sell,1110881142321857,1757015332475
1757015332.8447266,0.18612,7230.0,sell,1120749495036322,1757015332475
1757015332.8447266,0.18612,1614.0,sell,909545674226722,1757015332475
1757015332.8447266,0.18612,1694.0,sell,249630274455599,1757015332475
1757015332.8447266,0.18612,679.0,sell,1124015725432709,1757015332475
1757015332.8447266,0.18603,740.0,sell,915981287548668,1757015332475
1757015332.8598392,0.18603,1694.0,sell,146700732832471,1757015332543
1757015332.8598392,0.18603,13783.0,sell,49520428768592,1757015332543
1757015332.8598392,0.18603,287.0,sell,587083366478644,1757015332543
1757015334.697571,0.18623,2333.0,buy,288927362531825,1757015334429
1757015334.697571,0.18623,2384.0,buy,436055288274630,1757015334429
1757015334.697571,0.18623,8054.0,buy,986366925140398,1757015334429
1757015334.697571,0.18623,536.0,buy,29946554834653,1757015334429
1757015334.697571,0.18625,1053.0,buy,801030434153732,1757015334429
1757015340.2328398,0.18603,60.0,sell,233961310285781,1757015339928
1757015342.112781,0.186,150.0,sell,28727232355198,1757015341767
1757015342.112781,0.18584,1464.0,sell,430474720219594,1757015341767
1757015342.2693365,0.18584,1615.0,sell,296853268268972,1757015341914
1757015342.504811,0.18584,1614.0,sell,313917157384353,1757015342007
1757015342.504811,0.18584,1615.0,sell,832109625380902,1757015342007
1757015343.7755325,0.18602,4650.0,buy,363120120001363,1757015343507
1757015343.7755325,0.18602,1505.0,buy,835095183717295,1757015343507
1757015343.7755325,0.18602,13810.0,buy,255361427171377,1757015343507
1757015343.7755325,0.18604,5335.0,buy,190122184908497,1757015343507
1757015343.7755325,0.18605,30958.0,buy,1016782550650448,1757015343507
1757015345.3774629,0.18586,21488.0,sell,603051382273664,1757015345089
1757015345.3774629,0.18586,9952.0,sell,393604469554030,1757015345089
1757015345.3774629,0.18586,29001.0,sell,1091928836912927,1757015345089
1757015345.3774629,0.18586,10744.0,sell,119300015800100,1757015345089
1757015345.5673368,0.18586,1781.0,sell,531549191813936,1757015345288
1757015345.5673368,0.18586,5259.0,sell,925265569362389,1757015345288
1757015345.6261249,0.18586,1935.0,sell,403403768483552,1757015345354
1757015345.6261249,0.18586,1399.0,sell,301790524403374,1757015345354
1757015345.6261249,0.18586,49672.0,sell,85737780559911,1757015345354
1757015345.6261249,0.18586,2000.0,sell,317782538872258,1757015345354
1757015346.9884014,0.18576,24695.0,sell,704994323915639,1757015346604
1757015349.4324853,0.18572,80.0,sell,580166785709810,1757015349064
1757015350.3606417,0.1859,751.0,buy,580318896643972,1757015350070
1757015351.4863331,0.18583,2338.0,buy,345091856694792,1757015350874
1757015351.4863331,0.18587,732.0,buy,814567539051983,1757015350874
1757015351.4863331,0.18584,1306.0,buy,554567742814401,1757015350947
1757015351.7882483,0.18584,16217.0,buy,386586419901937,1757015351227
1757015351.7882483,0.18583,3736.0,sell,877600514720638,1757015351227
1757015351.78976,0.18583,2341.0,buy,17183639821497,1757015351377
1757015351.78976,0.18584,1702.0,buy,215263921144597,1757015351377
1757015351.78976,0.18584,4027.0,sell,473907284378246,1757015351377
1757015355.5860581,0.18577,8074.0,buy,375334820066475,1757015355285
1757015355.5860581,0.18582,13452.0,buy,878926311679832,1757015355285
1757015355.5860581,0.18583,2446.0,buy,919418752692837,1757015355285
1757015355.5860581,0.18583,2380.0,buy,719863284982260,1757015355285
1757015355.5860581,0.18585,13450.0,buy,140649126353351,1757015355285
1757015355.5860581,0.18585,198.0,buy,247973098316616,1757015355285
1757015359.2132661,0.18572,30314.0,buy,721257332760790,1757015358826
1757015359.2132661,0.18584,2130.0,buy,369298449890929,1757015358826
1757015359.2132661,0.18584,2182.0,buy,66420833286108,1757015358826
1757015359.2132661,0.18585,5465.0,buy,125798187713154,1757015358826
1757015359.2132661,0.18585,4204.0,buy,1122000863568436,1757015358826
1757015359.2132661,0.18585,3286.0,buy,145349788657246,1757015358826
1757015359.5474257,0.18571,8074.0,buy,846728656915447,1757015359032
1757015359.5474257,0.18571,8074.0,buy,914255142126445,1757015359032
1757015362.1887112,0.18571,751.0,buy,330879768730958,1757015361006
1757015362.1887112,0.18571,206.0,buy,307109394689868,1757015361006
1757015362.8089774,0.18561,112.0,buy,88508733357517,1757015362106
1757015362.8089774,0.18556,377.0,sell,806919128626877,1757015362106
1757015362.8089774,0.1855,150.0,sell,308231013835634,1757015362106
1757015362.8089774,0.18545,828.0,sell,862724476393998,1757015362106
1757015363.0100617,0.18543,1618.0,sell,328044915852319,1757015362582
1757015363.0100617,0.18543,1222.0,sell,958148699786749,1757015362582
1757015363.0100617,0.18534,396.0,sell,592975356473758,1757015362582
1757015363.0100617,0.18534,1617.0,sell,313704728569748,1757015362582
1757015363.0100617,0.18534,1785.0,sell,67588959082636,1757015362582
1757015363.0100617,0.18534,1424.0,sell,695104874306576,1757015362582
1757015363.1091049,0.18526,1618.0,sell,551495368066274,1757015362665
1757015363.1091049,0.18526,1618.0,sell,279497408199124,1757015362665
1757015363.3233824,0.18526,1742.0,sell,274630060586753,1757015362965
1757015363.3899107,0.1853,1617.0,sell,1119238481021267,1757015363054
1757015363.5221217,0.1853,1786.0,sell,710454141642024,1757015363181
1757015363.6525726,0.18535,40446.0,sell,342246375357048,1757015363368
1757015363.6525726,0.1853,106.0,sell,634064632171724,1757015363368
1757015363.6959772,0.18536,67244.0,sell,1010636179976304,1757015363444
1757015364.7760592,0.18536,10335.0,sell,231821828984794,1757015364453
1757015364.9339783,0.18537,538.0,buy,1088974257363544,1757015364529
1757015369.14758,0.18555,2212.0,buy,228923676960306,1757015368705
1757015369.158544,0.18555,2212.0,buy,222864541702798,1757015368788
1757015372.114577,0.18532,6384.0,sell,383623214809780,1757015371786
1757015375.1213973,0.18536,538.0,buy,279312383209324,1757015374823
1757015379.4071145,0.18553,80.0,sell,613299536934446,1757015379064
1757015379.7317228,0.18546,2880.0,buy,769159681517536,1757015379362
1757015380.4386008,0.18541,751.0,buy,47574959462974,1757015380018
1757015386.995058,0.18569,5000.0,buy,451436485639759,1757015386249
1757015389.7046413,0.18566,5000.0,buy,40705277549370,1757015389322
1757015391.8181763,0.18566,751.0,buy,485527625957443,1757015391090
1757015391.8181763,0.18566,206.0,buy,1044978429525025,1757015391090
1757015392.500022,0.18566,111.0,buy,865945183221093,1757015392046
1757015392.500022,0.1856,860.0,sell,820708772310612,1757015392046
1757015392.536294,0.18566,2269.0,buy,72733530706516,1757015392201
1757015393.7879717,0.18566,539.0,buy,217118317526981,1757015393535
1757015396.3633034,0.18555,16217.0,sell,587134966862691,1757015396025
1757015396.3633034,0.18555,1518.0,sell,903441077608620,1757015396025
1757015396.3633034,0.18554,2669.0,sell,564456376804390,1757015396025
1757015396.3633034,0.18554,2657.0,sell,80138055882428,1757015396025
1757015396.3633034,0.18554,2695.0,sell,315742544339433,1757015396025
1757015396.3633034,0.18552,62597.0,sell,826331104746916,1757015396025
1757015398.5097718,0.1854,2801.0,sell,961437663177999,1757015398118
1757015399.177042,0.18546,1101.0,sell,572444524407626,1757015398775
1757015409.5146606,0.1855,80.0,sell,1123908039847471,1757015409020
1757015410.340564,0.18554,751.0,buy,240223761605514,1757015410085
1757015412.0406046,0.1855,3865.0,sell,1076674210368271,1757015411302
1757015415.0305989,0.18557,8082.0,buy,984596843061688,1757015414604
1757015415.0305989,0.18558,23174.0,buy,880111147409457,1757015414604
1757015415.0305989,0.18559,1496.0,buy,443630110067370,1757015414604
1757015415.0305989,0.18559,16085.0,buy,258044611870036,1757015414604
1757015421.5388284,0.18555,539.0,buy,347599350246474,1757015421086
1757015421.5388284,0.18563,212.0,buy,1079697094273074,1757015421086
1757015421.5388284,0.18563,206.0,buy,985522694394048,1757015421086
1757015422.9161541,0.18566,112.0,buy,271137192984855,1757015422102
1757015422.9161541,0.18565,1247.0,sell,485728567179082,1757015422102
1757015435.115484,0.18573,12210.0,buy,451769681088060,1757015434870
1757015435.2285514,0.18573,12208.0,buy,194402657639954,1757015434926
1757015439.4971814,0.18546,81.0,sell,1076897357783504,1757015439047
1757015440.7083254,0.18552,751.0,buy,3624687182618,1757015440098
1757015441.9271593,0.18541,20056.0,buy,296230934224136,1757015441614
1757015441.9271593,0.18541,4114.0,buy,290610595468740,1757015441614
1757015441.9756234,0.18541,4360.0,buy,465054241356095,1757015441615
1757015442.3683062,0.18541,838.0,buy,955737677565716,1757015441750
1757015442.921908,0.18541,3544.0,buy,260461456292360,1757015441952
1757015448.9181466,0.18525,5702.0,buy,883899117655439,1757015448592
1757015451.5080395,0.18511,751.0,buy,244266417632570,1757015451016
1757015451.5080395,0.18511,206.0,buy,897640978484187,1757015451016
1757015452.9305909,0.18518,111.0,buy,393206054649041,1757015452126
1757015452.9305909,0.1851,902.0,sell,367207216033065,1757015452126
1757015454.9004743,0.18518,539.0,buy,678231962646772,1757015454567
1757015455.3194344,0.18534,1619.0,buy,848882703264322,1757015454970
1757015455.47853,0.18534,1619.0,buy,384505542244930,1757015455078
1757015455.535269,0.18534,1619.0,buy,34221798562918,1757015455163
1757015458.0950644,0.18531,3035.0,buy,214381013243138,1757015457645
1757015458.0950644,0.18531,3801.0,buy,341928996474508,1757015457700
1757015463.232966,0.1853,4233.0,sell,1073139765517367,1757015462781
1757015463.3863866,0.1853,7275.0,sell,944606445529301,1757015462886
1757015463.3863866,0.1853,9585.0,sell,342878029924027,1757015462886
1757015463.5738773,0.1853,9002.0,sell,271846156202976,1757015463154
1757015465.559298,0.18531,6417.0,buy,1004929268444994,1757015465085
1757015465.559298,0.18535,9557.0,buy,799823601868847,1757015465085
1757015466.2199419,0.18523,5000.0,buy,310977079594498,1757015465812
1757015467.950306,0.18511,15974.0,buy,193365002060814,1757015467427
1757015469.439883,0.18504,80.0,sell,947700685143387,1757015469038
1757015470.1637194,0.18511,539.0,buy,437349771226937,1757015469853
1757015470.1637194,0.18518,4461.0,buy,987947275313663,1757015469853
1757015470.4120219,0.18514,751.0,buy,64572978981055,1757015470041
1757015476.0231836,0.18525,5000.0,buy,1053091560226578,1757015475588
1757015480.983253,0.1851,10797.0,sell,728591309996234,1757015480588
1757015481.4549224,0.18514,751.0,buy,483842676230425,1757015481003
1757015481.4549224,0.18514,205.0,buy,304235952111763,1757015481003
1757015482.8042727,0.18514,112.0,buy,232069990967429,1757015482005
1757015482.8042727,0.1851,1065.0,sell,141991592556101,1757015482005
1757015483.42334,0.18515,5000.0,buy,679040234839089,1757015482918
1757015486.094068,0.1851,1554.0,sell,550092754937881,1757015485761
1757015486.094068,0.18507,818.0,sell,692372048849846,1757015485761
1757015488.7865608,0.18507,2710.0,sell,660500506733170,1757015488264
1757015488.7865608,0.18503,1757.0,sell,650993397204022,1757015488264
1757015488.7865608,0.18503,5565.0,sell,670571573010824,1757015488264
1757015491.1983616,0.18511,540.0,buy,921821181803218,1757015490817
1757015493.8941128,0.18537,13412.0,sell,69929332293551,1757015492951
1757015495.4927783,0.18537,5000.0,buy,302160139410426,1757015495141
1757015498.5638263,0.18538,59.0,buy,969946955224477,1757015498196
1757015499.5569293,0.18514,80.0,sell,226300227738587,1757015499064
1757015500.4782543,0.18512,751.0,buy,656985761468527,1757015500075
1757015501.900799,0.1851,20000.0,sell,527052044621089,1757015501557
1757015503.4733858,0.18511,540.0,buy,121098490152042,1757015502843
1757015504.2254539,0.1852,200.0,buy,824153854266592,1757015503915
1757015504.2254539,0.18521,1419.0,buy,541964816580110,1757015503915
1757015504.2254539,0.18521,1619.0,buy,715440984287606,1757015503915
1757015504.2254539,0.18521,3379.0,buy,90712374689827,1757015503915
1757015504.2254539,0.18528,617.0,buy,275729129112477,1757015503915
1757015504.2254539,0.18528,1619.0,buy,831260696392093,1757015503915
1757015504.2786217,0.18518,1621.0,buy,539117740232978,1757015503986
1757015504.2786217,0.18518,23062.0,buy,924926600470632,1757015503986
1757015504.2786217,0.18518,2214.0,buy,1106904782137794,1757015503986
1757015504.2786217,0.18518,1619.0,buy,736191718101829,1757015503986
1757015504.4215796,0.18514,24688.0,buy,812467837928606,1757015504110
1757015504.4215796,0.18514,4333.0,buy,768305314528640,1757015504110
1757015504.4215796,0.18514,20355.0,buy,694051857996072,1757015504110
1757015504.4215796,0.18515,8672.0,buy,226831836092222,1757015504110
1757015504.4215796,0.18515,5964.0,buy,331208345868527,1757015504110
1757015504.706489,0.18512,4483.0,buy,906748267782602,1757015504389
1757015504.7991996,0.18512,200.0,buy,391604677551461,1757015504516
1757015511.4955313,0.18526,751.0,buy,615838483935932,1757015511071
1757015511.4955313,0.18526,206.0,buy,315255402466394,1757015511071
1757015512.4429636,0.18526,112.0,buy,283067840576394,1757015512069
1757015512.4429636,0.18515,1333.0,sell,615505130226234,1757015512069
1757015515.4897177,0.1853,200.0,sell,273268977021809,1757015515213
1757015515.4897177,0.18525,1910.0,sell,804880944439612,1757015515213
1757015516.1021898,0.18533,4000.0,sell,732297049336334,1757015515788
1757015520.8912022,0.1854,360.0,sell,354254909315586,1757015520420
1757015520.8912022,0.18538,1968.0,sell,899636426020943,1757015520420
1757015522.510012,0.18529,5000.0,buy,706677892513765,1757015522102
1757015526.9952786,0.185,150.0,sell,89578308834366,1757015526658
1757015526.9952786,0.185,2702.0,sell,1006687730773414,1757015526658
1757015526.9952786,0.185,7464.0,sell,51441968638169,1757015526658
1757015527.5366318,0.18501,540.0,buy,573613258987276,1757015527074
1757015529.575397,0.18505,80.0,sell,697553306661668,1757015529085
1757015530.3987598,0.18506,751.0,buy,713844671653140,1757015530003
1757015539.7663622,0.1851,200.0,sell,800320779052808,1757015539421
1757015539.933758,0.185,403.0,sell,226051260823054,1757015539625
1757015539.933758,0.18489,1219.0,sell,910322145558386,1757015539625
1757015539.9924033,0.18489,1622.0,sell,690251075482957,1757015539697
1757015541.3808203,0.18494,751.0,buy,264161604173098,1757015541012
1757015541.3808203,0.18494,206.0,buy,885867772566404,1757015541012
1757015542.3099964,0.18494,2105.0,sell,975120803543957,1757015541929
1757015542.3745646,0.18495,111.0,buy,640251573472398,1757015542041
1757015542.3745646,0.18494,773.0,sell,355225463604333,1757015542041
1757015543.669515,0.18489,2159.0,sell,941606658898690,1757015543324
1757015543.7408943,0.1848,524.0,sell,756934271839357,1757015543398
1757015543.7408943,0.1847,515.0,sell,332900906159312,1757015543398
1757015543.7408943,0.18467,379.0,sell,647572553954043,1757015543398
1757015543.7408943,0.1846,207.0,sell,481560447015148,1757015543398
1757015543.7408943,0.1846,1534.0,sell,901267657648566,1757015543398
1757015543.9668236,0.18455,1626.0,sell,359415433757699,1757015543531
1757015544.1025229,0.18458,1626.0,sell,36853756143881,1757015543658
1757015544.2739794,0.18469,1626.0,sell,572689372807288,1757015543761
1757015544.39827,0.18479,6743.0,sell,348122846730758,1757015543934
1757015544.846112,0.18479,17263.0,sell,405246899159684,1757015544260
1757015549.0634713,0.18455,3972.0,sell,936189570873418,1757015548770
1757015549.5166907,0.18455,12245.0,sell,352230325587803,1757015549004
1757015549.5166907,0.18455,2930.0,sell,318943720525379,1757015549004
1757015551.0617545,0.18457,429.0,buy,192270689541546,1757015550702
1757015551.0617545,0.18458,4571.0,buy,431264864767216,1757015550702
1757015551.232951,0.18456,7488.0,sell,502059126580794,1757015550899
1757015552.515116,0.1845,150.0,sell,929175293870840,1757015552239
1757015552.515116,0.1845,371.0,sell,367033817762654,1757015552239
1757015554.0994473,0.18458,5000.0,buy,794289140924741,1757015553656
1757015558.4980862,0.18479,540.0,buy,159310314755025,1757015557550
1757015558.4980862,0.1848,2863.0,buy,910481092851658,1757015557550
1757015558.4980862,0.1848,1597.0,buy,904607438611277,1757015557550
1757015559.1673462,0.1847,2651.0,sell,879431959069250,1757015558875
1757015559.3920715,0.1847,80.0,sell,770537095653854,1757015559003
1757015560.4116924,0.18485,751.0,buy,1032358635461073,1757015560043
1757015561.185816,0.18471,1514.0,sell,316081114857987,1757015560826
1757015561.185816,0.1847,11708.0,sell,1044688135173972,1757015560826
1757015561.5646534,0.1848,2671.0,buy,105193707055083,1757015561299
1757015561.5646534,0.1848,2329.0,buy,1038091427997396,1757015561299
1757015563.5726228,0.18471,1511.0,sell,850793797259818,1757015563242
1757015563.5726228,0.1847,18544.0,sell,1117623410510785,1757015563242
1757015564.980533,0.18472,1505.0,sell,332929934867229,1757015564572
1757015564.980533,0.1847,19497.0,sell,1014891602949390,1757015564572
1757015565.3140042,0.18479,8116.0,buy,246457417940093,1757015564924
1757015565.3140042,0.1848,2865.0,buy,592728671913955,1757015564924
1757015565.3140042,0.18483,2879.0,buy,8355415586723,1757015564924
1757015565.3140042,0.18484,2004.0,buy,741630466857484,1757015564924
1757015565.3140042,0.18485,2004.0,buy,1035817172603466,1757015564924
1757015565.3140042,0.18485,8113.0,buy,300944887823574,1757015564924
1757015565.3140042,0.18485,20547.0,buy,994937934642416,1757015564924
1757015565.3140042,0.18485,2004.0,buy,91775833286889,1757015564924
1757015565.3140042,0.18485,2004.0,buy,466826211705368,1757015564924
1757015565.3140042,0.18485,2004.0,buy,1037910295275145,1757015564924
1757015565.3140042,0.18486,2004.0,buy,109974628470367,1757015564924
1757015565.3140042,0.18486,16217.0,buy,538122094727096,1757015564924
1757015565.3140042,0.18486,2004.0,buy,820997867848797,1757015564924
1757015565.3140042,0.18486,21032.0,buy,495774509407684,1757015564924
1757015565.3140042,0.18487,17310.0,buy,1016815329896541,1757015564924
1757015565.6994638,0.18478,8964.0,sell,1078915575824033,1757015565378
1757015570.3788319,0.18484,5000.0,buy,598829241038953,1757015569774
1757015571.4564981,0.18482,751.0,buy,730921685147716,1757015571072
1757015571.4564981,0.18482,206.0,buy,316437802037690,1757015571072
1757015572.415163,0.18484,112.0,buy,718618034694830,1757015572083
1757015572.415163,0.18473,1097.0,sell,979663662158394,1757015572083
1757015574.2577388,0.18482,5000.0,buy,1117330105723245,1757015573795
1757015576.1258092,0.18479,7603.0,sell,204741167448657,1757015575702
1757015576.3983338,0.18479,5729.0,sell,835862294262198,1757015576102
1757015580.3751001,0.18476,2354.0,sell,520740598960480,1757015579994
1757015587.4933844,0.18473,406.0,sell,159934418833715,1757015587185
1757015589.3603466,0.1847,81.0,sell,272558131313817,1757015589005
1757015590.5003827,0.18475,751.0,buy,383009600993988,1757015590014
1757015599.0062294,0.18475,1483.0,buy,540276381710875,1757015598000
1757015599.0062294,0.18477,2382.0,buy,914706013019381,1757015598000
1757015600.0904655,0.18482,5000.0,buy,443564892645057,1757015599683
1757015601.3878887,0.18482,751.0,buy,376613325462439,1757015601042
1757015601.3878887,0.18482,206.0,buy,530644092352150,1757015601042
1757015602.3787107,0.18478,6620.0,sell,257194601819551,1757015601903
1757015602.437311,0.18482,111.0,buy,27684354862503,1757015602026
1757015602.437311,0.18478,1258.0,sell,788901187511108,1757015602026
1757015606.264638,0.18482,14925.0,buy,261904255013704,1757015605951
1757015606.264638,0.18482,3598.0,buy,716322361253844,1757015605951
1757015606.264638,0.18482,5847.0,buy,681056600996918,1757015605951
1757015606.3492873,0.18482,1600.0,buy,85165202174910,1757015606042
1757015606.3492873,0.18482,7602.0,buy,642017907745706,1757015606042
1757015606.3492873,0.18482,541.0,buy,959109192013180,1757015606042
1757015606.3659189,0.1849,200.0,buy,200818350865467,1757015606104
1757015606.3659189,0.18504,1422.0,buy,1060485839539148,1757015606104
1757015606.3659189,0.18504,60.0,buy,706164855993293,1757015606104
1757015606.3659189,0.18504,1563.0,buy,653649168312603,1757015606104
1757015606.3659189,0.18504,539.0,buy,669650023179575,1757015606104
1757015606.3659189,0.18507,1084.0,buy,578531141749670,1757015606104
1757015606.4371192,0.18507,1623.0,buy,254157259434150,1757015606157
1757015615.9639606,0.18521,412.0,buy,235197318873638,1757015615668
1757015616.1133661,0.18521,5000.0,buy,299968632829348,1757015615809
1757015616.7103965,0.18521,234.0,buy,1009672281953854,1757015616349
1757015619.4371614,0.18527,80.0,sell,24493609018733,1757015619041
1757015620.682561,0.18521,751.0,buy,4812500528412,1757015620117
1757015624.273671,0.1853,5000.0,buy,545466089822964,1757015623786
1757015626.6398294,0.18528,1475.0,buy,132931444588690,1757015626435
1757015626.6398294,0.18528,246.0,buy,272221317257610,1757015626435
1757015631.4943728,0.18527,751.0,buy,1048747703584691,1757015631046
1757015631.4943728,0.18527,206.0,buy,1060913928998138,1757015631046
1757015632.5039341,0.18531,112.0,buy,481948332618408,1757015632062
1757015641.8279989,0.18524,5025.0,sell,918931423376959,1757015641472
1757015641.8279989,0.18524,19470.0,sell,406257280087721,1757015641472
1757015641.8279989,0.18524,3421.0,sell,259706065680052,1757015641472
1757015641.8279989,0.18524,4690.0,sell,944930190890576,1757015641472
1757015641.8279989,0.18524,3634.0,sell,525074103352091,1757015641472
1757015641.8279989,0.18524,9150.0,sell,305404792150920,1757015641472
1757015641.8279989,0.18524,10230.0,sell,13842266773937,1757015641472
1757015641.8279989,0.18524,37054.0,sell,976599479985032,1757015641472
1757015641.8279989,0.18524,6182.0,sell,174175372722715,1757015641472
1757015641.8279989,0.18524,121235.0,sell,382337206074479,1757015641472
1757015641.8279989,0.18524,16923.0,sell,619401431145475,1757015641472
1757015641.8279989,0.18524,5025.0,sell,905462345720918,1757015641472
1757015641.8279989,0.18524,5403.0,sell,35288179653648,1757015641472
1757015641.8279989,0.18524,16910.0,sell,1059334795625804,1757015641472
1757015641.8279989,0.18524,9129.0,sell,580925482673937,1757015641472
1757015641.8279989,0.18524,6052.0,sell,878366915014506,1757015641472
1757015641.9751358,0.18524,24626.0,sell,584775200073590,1757015641578
1757015642.102362,0.18524,6052.0,sell,461380959569765,1757015641672
1757015642.102362,0.18525,443.0,buy,925129176131466,1757015641672
1757015642.1544986,0.18524,32715.0,sell,191156158762441,1757015641780
1757015649.5853238,0.18529,80.0,sell,143336867843188,1757015649045
1757015650.3541033,0.18537,360.0,buy,150238343393263,1757015650037
1757015650.3541033,0.18538,390.0,buy,32978271296828,1757015650037
1757015658.6384332,0.18542,18648.0,buy,552579607463229,1757015658265
1757015658.6384332,0.18542,1467.0,buy,179477876865877,1757015658265
1757015658.6384332,0.18543,8212.0,buy,363969860459043,1757015658265
1757015661.438994,0.18542,751.0,buy,730437470314383,1757015661002
1757015661.438994,0.18542,206.0,buy,731655096000785,1757015661002
1757015662.4299102,0.18533,112.0,buy,904649748115820,1757015662032
1757015663.579595,0.18533,8172.0,buy,976479525833157,1757015663293
1757015663.6756377,0.18531,8183.0,buy,668578325745228,1757015663407
1757015663.6756377,0.18532,3491.0,buy,418569772812949,1757015663407
1757015673.156449,0.1853,1983.0,sell,510061816293517,1757015672821
1757015673.156449,0.1853,5875.0,sell,9970472086569,1757015672821
1757015673.156449,0.1853,1763.0,sell,958893010102613,1757015672821
1757015673.156449,0.1853,5582.0,sell,71490163107968,1757015672821
1757015673.156449,0.1853,13997.0,sell,532259351584889,1757015672821
1757015673.156449,0.1853,5582.0,sell,781264895084331,1757015672821
1757015673.156449,0.1853,2811.0,sell,1016006416566864,1757015672821
1757015679.8294303,0.18499,80.0,sell,108803999825963,1757015679049
1757015680.5008068,0.18503,751.0,buy,430311516092762,1757015680015
1757015691.482164,0.18515,540.0,buy,101429239039563,1757015691022
1757015691.482164,0.18516,211.0,buy,484340216544570,1757015691022
1757015691.482164,0.18516,205.0,buy,654545909206392,1757015691022
1757015692.5418708,0.18524,111.0,buy,148294318733571,1757015692068
1757015701.0498686,0.18536,360.0,buy,1006688420491627,1757015700561
1757015701.0498686,0.18537,1454.0,buy,136392263338276,1757015700561
1757015701.0498686,0.18541,2917.0,buy,1095064943689885,1757015700561
1757015701.0498686,0.18541,269.0,buy,839378602009489,1757015700561
1757015709.7959485,0.18518,81.0,sell,1053400410975508,1757015709040
1757015710.4794524,0.18519,751.0,buy,619242750342162,1757015710047
1757015711.5461988,0.18519,540.0,buy,674432339435130,1757015711183
1757015716.2057006,0.18518,2880.0,sell,768638911283174,1757015715819
1757015716.2057006,0.18518,7667.0,sell,684389311808715,1757015715819
1757015721.8007329,0.18525,751.0,buy,451010776054347,1757015721096
1757015721.8007329,0.18525,206.0,buy,794155303076531,1757015721096
1757015721.8007329,0.18525,112.0,buy,569252789324195,1757015721096
1757015730.320539,0.18531,2694.0,buy,439133165063716,1757015729920
1757015730.320539,0.18531,2306.0,buy,1080808115872492,1757015729920
1757015733.0553167,0.18544,5397.0,buy,784429678611942,1757015732616
1757015733.0553167,0.18548,377.0,buy,165500971852884,1757015732616
1757015733.0553167,0.18594,1618.0,buy,14937802377640,1757015732616
1757015733.0553167,0.18594,1697.0,buy,562424508609788,1757015732616
1757015733.0553167,0.18594,1697.0,buy,525844951928230,1757015732616
1757015733.0553167,0.18594,1695.0,buy,1024054189797598,1757015732616
1757015733.0553167,0.18594,1695.0,buy,394388546017718,1757015732616
1757015733.0553167,0.18594,1617.0,buy,127974334746799,1757015732616
1757015733.0553167,0.18594,1617.0,buy,152536509789219,1757015732616
1757015733.0553167,0.18594,1618.0,buy,366690561041414,1757015732616
1757015733.0553167,0.18594,8020.0,buy,450400408751927,1757015732616
1757015733.0553167,0.18594,731.0,buy,980066620793330,1757015732616
1757015733.0553167,0.18597,964.0,buy,534295299908953,1757015732616
1757015733.0553167,0.18597,1697.0,buy,115673077633691,1757015732616
1757015733.2021294,0.18597,1779.0,buy,210952063467301,1757015732800
1757015733.2021294,0.18597,5384.0,buy,514023070520275,1757015732800
1757015733.2021294,0.18597,5386.0,buy,674023636096241,1757015732800
1757015733.608177,0.18596,16310.0,buy,861461620263965,1757015733201
1757015733.608177,0.18596,16380.0,buy,582202381833250,1757015733201
1757015733.608177,0.18596,7662.0,buy,272030385891415,1757015733201
1757015733.608177,0.18599,1215.0,buy,178521325089386,1757015733201
1757015733.608177,0.18601,2462.0,buy,239654106628725,1757015733201
1757015733.608177,0.18601,2642.0,buy,378565765114551,1757015733201
1757015733.608177,0.18603,509.0,buy,631238341472764,1757015733201
1757015733.608177,0.18603,5600.0,buy,419427104341919,1757015733201
1757015733.608177,0.18603,1953.0,buy,667690271362872,1757015733201
1757015733.608177,0.18606,1991.0,buy,946368193509972,1757015733201
1757015733.608177,0.18606,2996.0,buy,282822970828707,1757015733201
1757015733.999774,0.1862,646.0,buy,334519983765898,1757015733609
1757015734.503971,0.18619,1524.0,buy,937107167010951,1757015734016
1757015734.503971,0.18619,5355.0,buy,719472130981550,1757015734016
1757015735.9698272,0.18618,1906.0,buy,1075858100557111,1757015735472
1757015735.9698272,0.18618,1000.0,buy,488290016403148,1757015735472
1757015735.9698272,0.18618,1000.0,buy,683327456599281,1757015735472
1757015735.9698272,0.18618,1000.0,buy,67120128664772,1757015735472
1757015735.9698272,0.18618,1000.0,buy,130940198537193,1757015735472
1757015735.9698272,0.18619,358.0,buy,571064502170844,1757015735472
1757015735.9698272,0.18619,1000.0,buy,244089972296486,1757015735472
1757015735.9698272,0.18621,2658.0,buy,704918148182691,1757015735472
1757015735.9698272,0.18621,2469.0,buy,71903761210662,1757015735472
1757015735.9698272,0.18622,539.0,buy,933364800433633,1757015735472
1757015735.9698272,0.18622,5335.0,buy,339576339996967,1757015735472
1757015735.9698272,0.18626,1000.0,buy,937234288759034,1757015735472
1757015735.9698272,0.18627,14000.0,buy,805907709670901,1757015735472
1757015735.9698272,0.18628,118.0,buy,777023924730385,1757015735472
1757015735.9698272,0.18628,1989.0,buy,1095987884206934,1757015735472
1757015735.9698272,0.18628,1989.0,buy,360734499324289,1757015735472
1757015735.9698272,0.18628,13419.0,buy,180756052819375,1757015735472
1757015735.9698272,0.18629,1989.0,buy,794579233588407,1757015735472
1757015735.9698272,0.18629,1989.0,buy,442127957800988,1757015735472
1757015735.9698272,0.18629,1989.0,buy,545541937084820,1757015735472
1757015735.9698272,0.18629,535.0,buy,1036503555003180,1757015735472
1757015737.560014,0.18597,4199.0,buy,983791397644833,1757015737240
1757015739.3964334,0.18585,80.0,sell,262503510166096,1757015739004
1757015740.6342342,0.18596,751.0,buy,1024415182081348,1757015740017
1757015741.2814305,0.18596,540.0,buy,403471476049350,1757015740927
1757015742.6410658,0.18606,3260.0,buy,223825410986372,1757015742329
1757015744.0137787,0.18606,3759.0,buy,237618527541170,1757015743730
1757015744.0137787,0.18606,3759.0,buy,122724768031056,1757015743730
1757015744.0137787,0.18606,3759.0,buy,319453996863449,1757015743730
1757015744.0237393,0.18607,3759.0,buy,200325904287639,1757015743796
1757015744.0237393,0.18607,3759.0,buy,351842521675199,1757015743796
1757015744.0237393,0.18607,2137.0,buy,806811441732244,1757015743796
1757015751.5176249,0.18607,751.0,buy,10921200065111,1757015751008
1757015751.5176249,0.18607,206.0,buy,618895289837515,1757015751008
1757015752.601848,0.18607,111.0,buy,317289320555725,1757015752044
1757015753.9883058,0.18578,342.0,buy,1066880246371827,1757015753681
1757015753.9883058,0.18578,342.0,buy,782285732807194,1757015753681
1757015753.9883058,0.18578,342.0,buy,197522571943471,1757015753681
1757015753.9883058,0.18578,344.0,buy,864517749217611,1757015753681
1757015753.9883058,0.18579,342.0,buy,982891914184863,1757015753681
1757015753.9883058,0.18579,342.0,buy,128752477402103,1757015753681
1757015753.9883058,0.18579,342.0,buy,890875015723573,1757015753681
1757015753.9883058,0.18579,344.0,buy,710168731243734,1757015753681
1757015753.9883058,0.1858,342.0,buy,794762092099532,1757015753681
1757015753.9883058,0.1858,342.0,buy,235237098673793,1757015753681
1757015753.9883058,0.1858,342.0,buy,170154988879052,1757015753681
1757015753.9883058,0.1858,344.0,buy,363193230021967,1757015753681
1757015753.9883058,0.18581,19.0,buy,518895887905481,1757015753681
1757015755.6092513,0.18577,8586.0,sell,330118547510280,1757015755062
1757015755.6092513,0.18577,2385.0,sell,999743803805758,1757015755062
1757015755.6092513,0.18577,2716.0,sell,831942732607735,1757015755062
1757015756.1647398,0.18585,262.0,buy,388662679309885,1757015755665
1757015760.361255,0.18576,1730.0,buy,452891848016674,1757015759756
1757015760.361255,0.18584,15658.0,buy,1053326668392061,1757015759756
1757015764.105813,0.18557,1808.0,buy,396058259733643,1757015763688
1757015769.4476511,0.18558,80.0,sell,733944718244451,1757015769018
1757015770.1580982,0.18565,1822.0,buy,102883560640762,1757015769569
1757015770.1580982,0.18573,933.0,buy,545686026801468,1757015769569
1757015770.5657425,0.1857,751.0,buy,704893204506711,1757015770006
1757015775.9633148,0.1855,150.0,sell,440962472207699,1757015775045
1757015775.9633148,0.1855,2580.0,sell,816819939302803,1757015775045
1757015779.4879029,0.18551,538.0,buy,1062204532866485,1757015778767
1757015780.8238738,0.18554,1938.0,buy,97151642806887,1757015780360
1757015780.8238738,0.18561,11528.0,buy,395635573381802,1757015780360
1757015781.5369916,0.18554,751.0,buy,395585080494774,1757015781070
1757015781.5369916,0.18554,206.0,buy,342319757949725,1757015781070
1757015782.4549005,0.18554,112.0,buy,1101774320005207,1757015782065
1757015784.4285734,0.18554,960.0,buy,722336474471505,1757015784065
1757015784.4285734,0.18562,2317.0,buy,574136324420944,1757015784065
1757015784.4285734,0.18562,378.0,buy,169958191943765,1757015784065
1757015787.0787783,0.18557,7942.0,buy,720499938111001,1757015786799
1757015787.1618738,0.18557,6145.0,buy,561937581135316,1757015786863
1757015799.461583,0.1854,80.0,sell,785723081664573,1757015799068
1757015800.8209677,0.18546,751.0,buy,398028655919785,1757015800148
1757015811.5397673,0.18545,751.0,buy,1009292143444368,1757015811050
1757015811.5397673,0.18545,206.0,buy,247231876274992,1757015811050
1757015812.3726547,0.18546,100.0,buy,1049469283707964,1757015812056
1757015821.444371,0.18556,81.0,buy,174211780218303,1757015821021
1757015821.9253347,0.18562,100.0,buy,1002808299502802,1757015821346
1757015821.9253347,0.18563,1517.0,buy,475304260056748,1757015821346
1757015829.5338109,0.18556,80.0,sell,140838593608852,1757015829026
1757015830.5938406,0.18557,751.0,buy,1029424366291000,1757015830061
1757015831.8097343,0.18552,2695.0,sell,276552728878560,1757015831389
1757015831.8097343,0.1855,8674.0,sell,429854013573137,1757015831389
1757015832.0169075,0.1856,6737.0,sell,427367416891552,1757015831575
1757015841.5853083,0.18552,751.0,buy,274356215761757,1757015841000
1757015841.5853083,0.18552,206.0,buy,1064802512087356,1757015841000
1757015841.952437,0.1855,9685.0,sell,1114875881166592,1757015841608
1757015842.0379136,0.1855,783.0,sell,251900747223747,1757015841699
1757015842.0379136,0.1855,2320.0,sell,402747250990142,1757015841699
1757015855.990696,0.18588,251.0,buy,313068027298621,1757015855394
1757015856.3339658,0.18582,1921.0,buy,269433129269106,1757015855475
1757015856.3339658,0.18583,1920.0,buy,731938074575615,1757015855475
1757015856.3339658,0.18584,1920.0,buy,489492854084489,1757015855475
1757015856.3339658,0.18585,1272.0,buy,95035932757556,1757015855475
1757015859.3891594,0.18565,81.0,sell,518894802738704,1757015859031
1757015860.5197425,0.18586,751.0,buy,1085097004271669,1757015860052
1757015863.5020857,0.18589,5380.0,buy,760830541937565,1757015863122
1757015863.8203888,0.18608,1580.0,buy,928128246687734,1757015863496
1757015864.6173892,0.18607,1613.0,buy,1024246523185486,1757015864158
1757015871.5235374,0.18597,751.0,buy,239697358988554,1757015871059
1757015871.5235374,0.18597,206.0,buy,1067870718006813,1757015871059
1757015886.7618706,0.186,200.0,buy,707593499073719,1757015886283
1757015886.7618706,0.18602,2372.0,buy,646910763797261,1757015886283
1757015886.7618706,0.18608,1399.0,buy,679287910737673,1757015886283
1757015886.7618706,0.18609,22206.0,buy,64034556212756,1757015886283
1757015886.7618706,0.18609,5335.0,buy,908889555198636,1757015886283
1757015886.7618706,0.1861,11242.0,buy,545543047064370,1757015886283
1757015886.7618706,0.1861,21434.0,buy,1088267388812437,1757015886283
1757015889.447177,0.186,80.0,sell,842562455030022,1757015889043
1757015890.3753042,0.18608,751.0,buy,454126268663563,1757015890006
1757015891.5861168,0.18598,1398.0,sell,823736561364161,1757015890875
1757015891.5861168,0.18597,2699.0,sell,942140690412972,1757015890875
1757015891.5861168,0.18597,31839.0,sell,1017477733431010,1757015890875
1757015910.231248,0.18609,5335.0,buy,908889555198636,1757015886283
1757015910.231248,0.1861,11242.0,buy,545543047064370,1757015886283
1757015910.231248,0.1861,21434.0,buy,1088267388812437,1757015886283
1757015910.231248,0.186,80.0,sell,842562455030022,1757015889043
1757015910.231248,0.18608,751.0,buy,454126268663563,1757015890006
1757015910.231248,0.18598,1398.0,sell,823736561364161,1757015890875
1757015910.231248,0.18597,2699.0,sell,942140690412972,1757015890875
1757015910.231248,0.18597,31839.0,sell,1017477733431010,1757015890875
1757015910.231248,0.18605,704.0,buy,339709422493699,1757015893170
1757015910.231248,0.18605,704.0,buy,867451313783489,1757015893170
1757015910.231248,0.18606,693.0,buy,1107839694447478,1757015893170
1757015910.231248,0.18607,693.0,buy,671530655716011,1757015893170
1757015910.231248,0.18608,579.0,buy,205600820814449,1757015893170
1757015910.231248,0.18608,114.0,buy,481774394240922,1757015893170
1757015910.231248,0.18611,5670.0,buy,43743057446697,1757015895830
1757015910.231248,0.18611,751.0,buy,447859003774363,1757015901046
1757015910.231248,0.18611,205.0,buy,664167332655174,1757015901046
1757015910.231248,0.18611,2557.0,buy,189287221921414,1757015902260
1757015910.231248,0.18611,2579.0,buy,634578505119460,1757015902362
1757015910.231248,0.1862,14693.0,buy,248069781082965,1757015907095
1757015910.231248,0.18619,2685.0,buy,673113101148758,1757015908073
1757015910.231248,0.18619,78.0,buy,9575233682376,1757015908073
1757015910.231248,0.18619,78.0,buy,799305593165534,1757015908073
1757015910.231248,0.18619,78.0,buy,935537666755577,1757015908073
1757015910.231248,0.1862,78.0,buy,28960202532776,1757015908073
1757015910.231248,0.1862,78.0,buy,763633233205865,1757015908073
1757015910.231248,0.1862,78.0,buy,269438220619649,1757015908073
1757015910.231248,0.18621,78.0,buy,336232926626582,1757015908073
1757015910.231248,0.18621,78.0,buy,669856863388373,1757015908073
1757015910.231248,0.18621,78.0,buy,587344168357671,1757015908073
1757015912.9204192,0.18619,537.0,buy,206673403643827,1757015912570
1757015912.9204192,0.18623,2322.0,buy,837980092696516,1757015912570
1757015912.9204192,0.18623,2247.0,buy,6886139273376,1757015912570
1757015912.9204192,0.18625,1989.0,buy,992267551907145,1757015912570
1757015912.9204192,0.18625,1989.0,buy,653263448588745,1757015912570
1757015912.9204192,0.18626,18812.0,buy,181860016791264,1757015912570
1757015912.9204192,0.18626,2088.0,buy,1076879570801344,1757015912570
1757015912.9204192,0.18626,2088.0,buy,361786572564006,1757015912570
1757015912.9204192,0.18626,2088.0,buy,430372837110877,1757015912570
1757015912.9204192,0.18626,1989.0,buy,878365760601506,1757015912570
1757015912.9204192,0.18626,1989.0,buy,647351814268006,1757015912570
1757015912.9204192,0.18626,1989.0,buy,39585986640019,1757015912570
1757015912.9204192,0.18626,1989.0,buy,1064901916818676,1757015912570
1757015912.9204192,0.18626,1989.0,buy,619984264025535,1757015912570
1757015912.9204192,0.18626,1989.0,buy,905031765815565,1757015912570
1757015912.9204192,0.18626,1989.0,buy,881415180978285,1757015912570
1757015912.9204192,0.18626,329.0,buy,236396815916962,1757015912570
1757015914.7260034,0.18623,2527.0,buy,692819181160559,1757015914396
1757015914.7260034,0.18623,2721.0,buy,777055828223749,1757015914396
1757015914.7260034,0.18625,8052.0,buy,562520957502705,1757015914396
1757015914.7260034,0.18626,1989.0,buy,872505587050298,1757015914396
1757015914.7260034,0.18626,1989.0,buy,277309447392086,1757015914396
1757015914.7260034,0.18626,1989.0,buy,1085605932970007,1757015914396
1757015914.7260034,0.18626,1989.0,buy,499621281746011,1757015914396
1757015914.7260034,0.18626,1989.0,buy,1024349780137970,1757015914396
1757015914.7260034,0.18626,1989.0,buy,1089324021873969,1757015914396
1757015914.7260034,0.18626,20874.0,buy,618885670546765,1757015914396
1757015914.7260034,0.18627,4658.0,buy,678755348279281,1757015914396
1757015914.7260034,0.18628,1790.0,buy,927610321426633,1757015914396
1757015914.7260034,0.18628,1393.0,buy,860240422016952,1757015914396
1757015914.7260034,0.18628,1790.0,buy,421028463482392,1757015914396
1757015914.7260034,0.18628,1790.0,buy,779601908431676,1757015914396
1757015914.7260034,0.18629,1144.0,buy,762261044643479,1757015914396
1757015916.4367807,0.18623,238.0,buy,926187706221375,1757015916045
1757015916.7125638,0.18615,5000.0,sell,324026780069694,1757015916391
1757015919.401677,0.18616,80.0,sell,379947446514097,1757015919085
1757015920.4674342,0.18625,751.0,buy,90879570694593,1757015920090
1757015920.632751,0.18616,5000.0,sell,135344839383733,1757015920399
1757015925.711323,0.18616,5000.0,sell,368448855491038,1757015925368
1757015927.439404,0.18613,179.0,buy,832994349564117,1757015927174
1757015928.3005307,0.18609,5000.0,sell,321105684121664,1757015927938
1757015931.6218379,0.18615,751.0,buy,624121319174536,1757015931024
1757015931.6218379,0.18615,206.0,buy,1123721026320802,1757015931024
1757015933.8185327,0.18608,64.0,sell,414725670029661,1757015933283
1757015933.8185327,0.18608,1388.0,sell,235346279340790,1757015933283
1757015933.8185327,0.18607,4004.0,sell,1115038881467839,1757015933283
1757015941.4311645,0.18624,2531.0,buy,1124762209311539,1757015941033
1757015941.4311645,0.18624,345.0,buy,40729029233552,1757015941033
1757015946.6809313,0.18614,238.0,buy,1007146255202275,1757015946064
1757015949.4825766,0.18602,80.0,sell,945800913504073,1757015949041
1757015949.8389132,0.18611,4699.0,sell,651567650821462,1757015949371
1757015949.8389132,0.18611,19903.0,sell,1117949586010953,1757015949371
1757015949.8389132,0.18611,8928.0,sell,771104350989458,1757015949371
1757015949.8389132,0.18611,7908.0,sell,930513784134307,1757015949371
1757015949.8389132,0.18611,27703.0,sell,682177607918035,1757015949371
1757015949.8389132,0.18611,20402.0,sell,963120339342147,1757015949371
1757015949.8389132,0.18611,12000.0,sell,58342898078850,1757015949371
1757015949.8389132,0.18611,19621.0,sell,1064304280078749,1757015949371
1757015950.2792664,0.18611,9891.0,sell,885150469403072,1757015949655
1757015950.561222,0.18613,751.0,buy,313608118015000,1757015950082
1757015955.247638,0.18614,1383.0,buy,873327005815631,1757015954907
1757015955.247638,0.18615,2217.0,buy,290371586792303,1757015954907
1757015955.247638,0.18615,2229.0,buy,670123270254669,1757015954907
1757015955.247638,0.18616,1990.0,buy,1052365429868499,1757015954907
1757015955.247638,0.18616,1990.0,buy,606568948740159,1757015954907
1757015955.247638,0.18617,1990.0,buy,321764946446886,1757015954907
1757015955.247638,0.18617,1990.0,buy,772167630776917,1757015954907
1757015955.247638,0.18617,1990.0,buy,126992339948618,1757015954907
1757015955.247638,0.18617,398.0,buy,135650237693307,1757015954907
1757015961.4989347,0.18609,206.0,buy,255103311644237,1757015961068
1757015976.6762779,0.18624,238.0,buy,730513792315060,1757015976040
1757015979.4014823,0.18643,81.0,sell,68277091041604,1757015979058
1757015980.145061,0.18648,5000.0,sell,619499241449770,1757015979792
1757015980.4950197,0.18653,751.0,buy,1050994616173191,1757015980070
1757015981.6228194,0.18654,2120.0,buy,184042313275914,1757015981100
1757015981.6228194,0.18654,2418.0,buy,533201918476722,1757015981100
1757015981.6228194,0.18654,2994.0,buy,1074362904768553,1757015981100
1757015982.374763,0.18649,5000.0,sell,742624966349069,1757015981799
1757015984.0411239,0.1865,5000.0,sell,945844426101566,1757015983750
1757015986.8439837,0.18644,5000.0,sell,712433220511648,1757015986181
1757015989.1421778,0.1861,5000.0,sell,599211136966162,1757015988390
1757015989.6274514,0.18612,2377.0,buy,926433664754545,1757015989112
1757015991.5607638,0.18615,206.0,buy,251719362784022,1757015991057
1757015997.7802794,0.18614,5000.0,sell,569551328351385,1757015997288
1757015998.5008671,0.18615,332.0,buy,312119974433793,1757015998184
1757016004.6977606,0.18626,2177.0,buy,280836976656541,1757016003282
1757016004.6977606,0.18628,24006.0,buy,711035129435740,1757016003282
1757016007.4404683,0.1861,200.0,sell,10701639150423,1757016005800
1757016007.4404683,0.1861,15855.0,sell,355629171173479,1757016005800
1757016007.503399,0.18615,238.0,buy,411504120417136,1757016006034
1757016009.5223043,0.18604,80.0,sell,425847114507505,1757016009091
1757016010.443855,0.18607,751.0,buy,7140609939402,1757016010029
1757016010.443855,0.18603,1991.0,sell,551214110936150,1757016010029
1757016010.443855,0.18603,970.0,sell,879564793855313,1757016010029
1757016010.820416,0.18603,1021.0,sell,902245382175582,1757016010408
1757016010.820416,0.18603,1991.0,sell,675775068826518,1757016010408
1757016010.820416,0.18603,1991.0,sell,1063280144376156,1757016010408
1757016010.820416,0.18603,1991.0,sell,463864169297282,1757016010408
1757016010.820416,0.18603,1991.0,sell,90198862896314,1757016010408
1757016011.0923283,0.186,150.0,sell,77653015712515,1757016010661
1757016011.0923283,0.18591,1793.0,sell,986793827891625,1757016010661
1757016011.0923283,0.18591,1793.0,sell,22919324522596,1757016010661
1757016011.0923283,0.18591,2092.0,sell,1026695537057444,1757016010661
1757016011.0923283,0.18585,12436.0,sell,888350780734971,1757016010661
1757016014.7992043,0.18586,2245.0,sell,637867735617971,1757016014410
1757016014.7992043,0.18586,1696.0,sell,745693257283479,1757016014410
1757016018.4682536,0.1858,1696.0,sell,89682932918376,1757016018043
1757016019.1835964,0.18567,2200.0,sell,347631556526021,1757016018854
1757016019.1835964,0.18558,1981.0,sell,87367198907092,1757016018854
1757016019.1835964,0.18558,1783.0,sell,927719000728222,1757016018854
1757016019.1835964,0.18557,2201.0,sell,192691343424896,1757016018854
1757016019.1835964,0.18557,2201.0,sell,655876075534567,1757016018854
1757016019.1835964,0.18557,2201.0,sell,1038489950265916,1757016018854
1757016019.1835964,0.18556,2201.0,sell,799825213821274,1757016018854
1757016019.1835964,0.18556,1592.0,sell,1066793462388696,1757016018854
1757016021.5613358,0.18557,206.0,buy,1085278259754657,1757016021015
1757016021.8096628,0.18556,609.0,sell,808959427311707,1757016021416
1757016022.932009,0.1855,150.0,sell,81771964145307,1757016022413
1757016022.932009,0.18547,1501.0,sell,1063283963171250,1757016022413
1757016023.6403255,0.18548,40000.0,sell,228199756988559,1757016023223
1757016027.4042342,0.18562,1077.0,sell,588732896387258,1757016027007
1757016028.8156588,0.18562,16284.0,sell,656500164418854,1757016028367
1757016028.8156588,0.1856,517.0,sell,445870267681875,1757016028367
1757016028.8156588,0.18558,2737.0,sell,592031291080164,1757016028367
1757016028.8156588,0.18558,2692.0,sell,1112532820137733,1757016028367
1757016028.8156588,0.18556,21059.0,sell,566080663511871,1757016028367
1757016028.8156588,0.18555,1379.0,sell,609953309776195,1757016028367
1757016028.8156588,0.18553,6407.0,sell,505051963731467,1757016028367
1757016028.8156588,0.18552,13473.0,sell,16531994500364,1757016028367
1757016028.8156588,0.18552,41.0,sell,286907329836616,1757016028367
1757016033.4091446,0.18562,3012.0,sell,346569611147399,1757016033052
1757016033.724035,0.18549,56959.0,sell,941248542260816,1757016033387
1757016036.801526,0.18552,238.0,buy,696131526866578,1757016036052
1757016037.3958728,0.1854,5000.0,buy,215471579840257,1757016036870
1757016038.9374678,0.18534,5000.0,buy,952919243791575,1757016038604
1757016039.38307,0.18528,5394.0,sell,318397314012834,1757016038994
1757016039.5233836,0.18517,80.0,sell,1046808680583526,1757016039072
1757016039.5725684,0.1852,200.0,sell,221540848201237,1757016039127
1757016040.3621092,0.18506,751.0,buy,740800399409512,1757016040024
1757016040.8854423,0.185,5405.0,sell,719845850558148,1757016040489
1757016040.8854423,0.185,150.0,sell,1022235152651135,1757016040489
1757016040.8854423,0.18496,378.0,sell,495621128541095,1757016040489
1757016040.8854423,0.1849,10367.0,sell,399348567743308,1757016040489
1757016040.8958628,0.1849,7815.0,sell,687726568157015,1757016040548
1757016040.8958628,0.1849,1432.0,sell,449707442820500,1757016040548
1757016040.8958628,0.18487,3181.0,sell,31089647592740,1757016040548
1757016040.8958628,0.18486,2879.0,sell,735051490696042,1757016040548
1757016040.8958628,0.18485,731.0,sell,940347268505695,1757016040548
1757016040.8958628,0.18485,3800.0,sell,591272612137636,1757016040548
1757016041.1490183,0.18495,3080.0,sell,135963985230064,1757016040748
1757016041.6734507,0.18501,299.0,buy,499840684296576,1757016041120
1757016041.6734507,0.18505,4701.0,buy,719670210922788,1757016041120
1757016042.319916,0.18497,8221.0,buy,343161788456409,1757016041833
1757016042.319916,0.18497,9903.0,buy,857330354112000,1757016041833
1757016042.319916,0.18497,2973.0,buy,895450812533717,1757016041833
1757016042.319916,0.18497,8009.0,buy,933893129242560,1757016041833
1757016042.319916,0.18497,1447.0,buy,346460349412959,1757016041833
1757016042.319916,0.18488,2286.0,sell,259930958223600,1757016041833
1757016042.319916,0.18497,1454.0,buy,986798794499534,1757016041833
1757016045.6511154,0.18507,2160.0,buy,119547043830396,1757016044999
1757016045.6511154,0.18516,2840.0,buy,687196917668368,1757016044999
1757016048.4004643,0.18538,1620.0,buy,562611193252887,1757016047195
1757016048.4004643,0.18538,1620.0,buy,870744396038109,1757016047195
1757016048.4004643,0.18538,1619.0,buy,318109072445025,1757016047195
1757016048.4030821,0.18538,1489.0,buy,437305491353057,1757016047540
1757016049.4525762,0.18539,1619.0,buy,858231046340795,1757016048456
1757016049.4525762,0.18539,379.0,buy,207102020911209,1757016048456
1757016049.4525762,0.18539,1998.0,buy,704406788836547,1757016048456
1757016049.4525762,0.18544,1452.0,buy,1036635105855718,1757016048456
1757016049.4525762,0.18548,79.0,buy,227736135206056,1757016048456
1757016050.285963,0.18548,2326.0,buy,788091753619980,1757016048863
1757016050.285963,0.1855,200.0,buy,658960866664361,1757016048863
1757016050.285963,0.18551,7748.0,buy,846128403249550,1757016048863
1757016050.285963,0.18551,5233.0,buy,78003758992826,1757016048863
1757016050.285963,0.18551,494.0,buy,839769406843394,1757016048863
1757016050.285963,0.18551,22055.0,buy,331448605985781,1757016048863
1757016052.2137663,0.18558,1000.0,buy,258930173183844,1757016050571
1757016052.2137663,0.1856,1000.0,buy,528812882255689,1757016050571
1757016052.2137663,0.18561,1996.0,buy,632891294160839,1757016050571
1757016052.2137663,0.18561,1004.0,buy,265044159918409,1757016050571
1757016053.0268319,0.18561,206.0,buy,278798288607648,1757016051075
1757016053.028908,0.18561,786.0,buy,63480989295002,1757016051186
1757016053.028908,0.18561,1996.0,buy,1105989583416370,1757016051186
1757016053.028908,0.18561,1996.0,buy,1107983797133771,1757016051186
1757016053.028908,0.18567,22036.0,buy,1007531273995077,1757016051186
1757016053.028908,0.18568,134.0,buy,638857262305774,1757016051186
1757016053.028908,0.18568,1861.0,buy,843661878386904,1757016051186
1757016053.028908,0.18568,1995.0,buy,1014275221847917,1757016051186
1757016053.028908,0.18571,1644.0,buy,466481736490667,1757016051186
1757016053.0309985,0.18574,540.0,buy,85315845886326,1757016051581
1757016053.0309985,0.18575,1074.0,buy,277731393182989,1757016051581
1757016053.0315287,0.18575,1411.0,buy,677192475381350,1757016051847
1757016053.0315287,0.18576,100.0,buy,1113575805318235,1757016051847
1757016053.0315287,0.18579,6118.0,buy,1104016938842219,1757016051847
1757016053.0315287,0.18579,15904.0,buy,1034384960068463,1757016051847
1757016053.0315287,0.1858,376.0,buy,25148403124389,1757016051847
1757016053.0315287,0.18583,4952.0,buy,260366500759181,1757016051847
1757016053.0315287,0.18584,540.0,buy,54572071760507,1757016051847
1757016053.0315287,0.18585,47350.0,buy,552104853439943,1757016051847
1757016053.0315287,0.1859,2092.0,buy,1122055808339842,1757016051847
1757016053.0315287,0.18595,1793.0,buy,579011023759415,1757016051847
1757016053.0315287,0.18599,16170.0,buy,956511722718908,1757016051847
1757016053.0315287,0.18601,24006.0,buy,715238236110443,1757016051847
1757016053.0315287,0.18602,1454.0,buy,893819888721204,1757016051847
1757016053.8272557,0.18603,2091.0,buy,739133409489929,1757016052231
1757016053.8272557,0.18609,21693.0,buy,300621627315828,1757016052231
1757016053.8272557,0.18609,1000.0,buy,885270394356759,1757016052231
1757016053.8272557,0.1861,32175.0,buy,980657350193075,1757016052231
1757016053.8283432,0.1861,2090.0,buy,1040250677950072,1757016052499
1757016053.8283432,0.1861,2090.0,buy,127362546717851,1757016052499
1757016053.8283432,0.1861,2090.0,buy,1070099763345112,1757016052499
1757016053.8283432,0.1861,47287.0,buy,259427708278306,1757016052499
1757016053.8283432,0.18611,1991.0,buy,576290381875666,1757016052499
1757016053.8283432,0.18613,2090.0,buy,998960119623037,1757016052499
1757016053.8283432,0.18613,2090.0,buy,257863050547783,1757016052499
1757016053.8283432,0.18614,325.0,buy,550467187089371,1757016052499
1757016055.4124103,0.18616,4264.0,buy,115564754083060,1757016053927
1757016055.4124103,0.18616,2526.0,buy,954443087820576,1757016053927
1757016055.4124103,0.18616,2870.0,buy,349126375793711,1757016054228
1757016056.5391517,0.1862,5000.0,buy,589459722757192,1757016055219
1757016056.5391517,0.1862,335.0,buy,448779916537299,1757016055433
1757016057.318703,0.18622,5000.0,buy,897925616015949,1757016055874
1757016057.318703,0.18622,3054.0,buy,732350347791954,1757016055874
1757016057.318703,0.18626,713.0,buy,188007838228452,1757016055874
1757016059.1434479,0.18628,10134.0,buy,716609345984828,1757016057975
1757016059.5804532,0.18642,5000.0,buy,51155006292334,1757016058918
1757016059.5804532,0.18642,1739.0,buy,797296364527425,1757016058918
1757016062.898536,0.18632,6082.0,buy,771066655503168,1757016062197
1757016062.898536,0.18632,5385.0,buy,1098750665378746,1757016062197
1757016064.4627998,0.18631,1000.0,buy,1103858853087999,1757016063604
1757016064.4627998,0.18631,1000.0,buy,424804781429557,1757016063604
1757016064.4627998,0.18631,2292.0,buy,1087677862473684,1757016063604
1757016064.4627998,0.18631,6730.0,buy,563528136146452,1757016063604
1757016064.4627998,0.18631,3063.0,buy,793371465487445,1757016063691
1757016064.4627998,0.18632,1000.0,buy,43210294394685,1757016063691
1757016065.0203218,0.18633,3549.0,buy,865830268465756,1757016063855
1757016065.2446768,0.18633,4500.0,buy,1077126007693224,1757016064262
1757016065.2446768,0.18636,1970.0,buy,109987261101486,1757016064262
1757016065.2446768,0.18637,7721.0,buy,928143032372531,1757016064262
1757016066.910961,0.18632,238.0,buy,128920640102658,1757016066072
1757016069.34102,0.1863,1335.0,buy,609445290304097,1757016068917
1757016069.34102,0.1863,3620.0,buy,661059260442947,1757016068917
1757016069.34102,0.1863,10488.0,buy,882775350566770,1757016068917
1757016069.6832423,0.18629,80.0,sell,446401939960910,1757016069104
1757016070.4843125,0.18636,538.0,buy,1006621549282370,1757016070080
1757016070.4843125,0.18646,213.0,buy,263811013761940,1757016070080
1757016071.786438,0.18641,1694.0,buy,675511353495722,1757016071408
1757016071.786438,0.18645,5335.0,buy,142862139235184,1757016071408
1757016071.786438,0.18648,1000.0,buy,1056892765756164,1757016071408
1757016071.786438,0.18653,1986.0,buy,396263847448386,1757016071408
1757016071.786438,0.18655,4007.0,buy,38408775494891,1757016071408
1757016072.3820941,0.18656,1609.0,buy,861662432271596,1757016071649
1757016072.3820941,0.18656,1609.0,buy,677870477630524,1757016071649
1757016072.3820941,0.18656,12873.0,buy,808578898504783,1757016071649
1757016072.3820941,0.18668,1609.0,buy,539863047141847,1757016071798
1757016072.3820941,0.18668,1609.0,buy,1078197378442737,1757016071798
1757016072.721419,0.18668,1520.0,buy,497172372643836,1757016072362
1757016073.7445316,0.18668,630.0,buy,1082502163848133,1757016073345
1757016073.7445316,0.18669,447.0,buy,500737822172324,1757016073345
1757016074.6825414,0.18673,3767.0,sell,615985723757106,1757016074193
1757016074.713145,0.18673,2565.0,sell,1070017456033645,1757016074248
1757016074.9715164,0.18673,1886.0,sell,610976050543475,1757016074559
1757016074.9715164,0.18673,10560.0,sell,264452042685861,1757016074559
1757016074.9715164,0.18673,6093.0,sell,484941483508256,1757016074559
1757016074.9895358,0.18673,7717.0,sell,899950976108758,1757016074608
1757016075.3043191,0.18675,1984.0,buy,713784212670769,1757016074877
1757016075.3043191,0.18678,117.0,buy,39356655847570,1757016074877
1757016075.3043191,0.1868,1983.0,buy,532275674779106,1757016074877
1757016075.3043191,0.18683,10134.0,buy,799999256594119,1757016074877
1757016075.3043191,0.18683,5471.0,buy,482189638767083,1757016074877
1757016075.3043191,0.18685,6991.0,buy,154839278142454,1757016074877
1757016077.7371755,0.18669,4284.0,buy,108374227196676,1757016077226
1757016077.7371755,0.18665,4286.0,sell,742330797805601,1757016077226
1757016077.7371755,0.18653,714.0,sell,308644130906522,1757016077226
1757016078.5558808,0.18665,6659.0,sell,727648460709981,1757016077998
1757016078.5558808,0.18665,6157.0,sell,1086941409341237,1757016077998
1757016078.5558808,0.18665,18415.0,sell,237635559129580,1757016077998
1757016079.3076425,0.18665,5000.0,sell,175164665071728,1757016078838
1757016081.1631966,0.18672,1586.0,sell,516327758596912,1757016080644
1757016081.1631966,0.1867,3414.0,sell,287900512051002,1757016080644
1757016081.4224994,0.18676,206.0,buy,731441620823039,1757016081019
1757016083.6291833,0.18673,4284.0,sell,223814024736602,1757016083092
1757016083.6291833,0.18673,539.0,sell,271649385223370,1757016083092
1757016083.6291833,0.18664,177.0,sell,549299389438650,1757016083092
1757016084.5753555,0.18665,5000.0,sell,542204779433138,1757016084262
1757016086.8964841,0.18671,4284.0,sell,685406559853423,1757016086581
1757016086.8964841,0.1866,200.0,sell,616486329971879,1757016086581
1757016088.9909446,0.18709,374.0,buy,734120487951597,1757016088534
1757016088.9909446,0.18747,1308.0,buy,551147536731540,1757016088534
1757016088.9909446,0.18747,1715.0,buy,469338648127501,1757016088534
1757016089.0307314,0.18737,1605.0,buy,783759689058265,1757016088622
1757016089.0307314,0.18737,1605.0,buy,12831651915891,1757016088622
1757016089.0307314,0.18719,1607.0,sell,597225960475345,1757016088622
1757016089.0307314,0.18737,1681.0,buy,43965240507140,1757016088622
1757016089.0307314,0.18737,5346.0,buy,1050665620998945,1757016088622
1757016089.0307314,0.18737,1604.0,buy,117793648721073,1757016088622
1757016089.0307314,0.18737,1769.0,buy,299398558789602,1757016088622
1757016089.0307314,0.18737,1605.0,buy,348116372016627,1757016088622
1757016089.0307314,0.18737,1681.0,buy,1058136888647244,1757016088622
1757016089.2106981,0.18737,7110.0,buy,1050281696157653,1757016088839
1757016089.2106981,0.18739,3582.0,buy,609663285941353,1757016088839
1757016089.2684293,0.18719,372.0,sell,182753191484043,1757016088998
1757016089.2684293,0.18709,1782.0,sell,1104802499341435,1757016088998
1757016089.2684293,0.18709,1980.0,sell,393663879218518,1757016088998
1757016089.2684293,0.18708,866.0,sell,1052555873337791,1757016088998
1757016089.5101216,0.18739,3620.0,buy,78791274735656,1757016089051
1757016089.6103983,0.1874,1680.0,buy,194859177053452,1757016089136
1757016089.7027464,0.18738,5405.0,buy,555184602898810,1757016089297
1757016090.3447266,0.18739,332.0,buy,815372506668381,1757016089954
1757016090.4546494,0.18748,990.0,buy,62768798457830,1757016090040
1757016090.4546494,0.18748,990.0,buy,198266775436268,1757016090040
1757016090.4546494,0.18748,990.0,buy,37145771104813,1757016090040
1757016090.4546494,0.18748,1837.0,buy,285902311579451,1757016090040
1757016090.4546494,0.18748,990.0,buy,212648245084514,1757016090040
1757016090.4546494,0.18749,990.0,buy,644261699829292,1757016090040
1757016090.4546494,0.1875,720.0,buy,1031202687071892,1757016090040
1757016090.4546494,0.18751,1697.0,buy,373239669824534,1757016090040
1757016090.4546494,0.18751,714.0,buy,1019756816240280,1757016090040
1757016091.2292082,0.18749,5000.0,sell,599554584724795,1757016090847
1757016092.1843982,0.18766,1599.0,buy,183382549371772,1757016091839
1757016092.9647517,0.18754,5000.0,sell,507318370805,1757016092582
1757016093.6118567,0.1875,4264.0,buy,283665431986997,1757016093088
1757016093.9871352,0.18745,14618.0,buy,933407411138517,1757016093519
1757016095.034557,0.18741,661.0,sell,822125380378586,1757016094595
1757016095.2309656,0.18741,5000.0,sell,1115714910238534,1757016094849
1757016095.6251645,0.18742,4684.0,buy,894107369227347,1757016095197
1757016095.6251645,0.18742,233.0,buy,576585892617626,1757016095197
1757016095.6251645,0.18742,4267.0,buy,1084366403537863,1757016095197
1757016096.4428062,0.18742,238.0,buy,99865051233752,1757016096022
1757016096.5707986,0.18742,298.0,buy,532527121872777,1757016096113
1757016096.809143,0.18734,5000.0,sell,868424786448397,1757016096439
1757016097.4391441,0.18737,4269.0,buy,448283395949544,1757016096992
1757016098.7978141,0.18742,5000.0,sell,915826798038631,1757016098125
1757016099.7044387,0.18735,4268.0,buy,747205549345160,1757016098951
1757016100.8228152,0.18726,80.0,sell,733292119284947,1757016099057
1757016102.084567,0.18736,751.0,buy,164774213057425,1757016100051
1757016102.1856482,0.1873,200.0,sell,146077954350228,1757016100984
1757016102.1856482,0.18727,17127.0,sell,631845431796563,1757016100984
1757016102.1856482,0.1872,3462.0,sell,1066271941419462,1757016100984
1757016102.1856482,0.18718,24006.0,sell,337378520186129,1757016100984
1757016102.1856482,0.18718,7692.0,sell,928349767778198,1757016100984
1757016102.1856482,0.18718,5000.0,sell,1040147791392505,1757016100984
1757016105.263922,0.18754,4098.0,sell,494974768596111,1757016104912
1757016105.263922,0.18754,5000.0,sell,568108623772644,1757016104912
1757016105.263922,0.18764,1694.0,buy,802586555000401,1757016104912
1757016105.263922,0.18767,411.0,buy,901078066519576,1757016104912
1757016107.856833,0.18772,994.0,sell,365130954240343,1757016107466
1757016107.9955475,0.18772,5000.0,sell,1115324585689551,1757016107694
1757016108.465795,0.18773,3623.0,buy,352197703142418,1757016107988
1757016108.465795,0.18773,536.0,buy,516645924819927,1757016107988
1757016108.465795,0.18778,117.0,buy,14895532233291,1757016107988
1757016108.465795,0.18782,5328.0,buy,12312693642177,1757016107988
1757016108.465795,0.18788,63.0,buy,61755976325014,1757016107988
1757016108.465795,0.18797,990.0,buy,612654630636905,1757016107988
1757016108.465795,0.18798,990.0,buy,433935110923268,1757016107988
1757016108.465795,0.188,2623.0,buy,81757605879263,1757016107988
1757016108.9979503,0.188,1596.0,buy,1123406831578523,1757016108344
1757016108.9979503,0.188,1596.0,buy,201427905195470,1757016108344
1757016109.01525,0.188,1597.0,buy,397342083663586,1757016108437
1757016109.01525,0.188,1596.0,buy,270503564826677,1757016108437
1757016109.01525,0.188,1595.0,buy,212211346468501,1757016108437
1757016109.01525,0.188,1507.0,buy,341429387534800,1757016108437
1757016110.0877385,0.188,113784.0,buy,1082012027029823,1757016109737
1757016110.73918,0.18819,1673.0,buy,1117468304144637,1757016110354
1757016110.73918,0.18819,41.0,buy,785796953045863,1757016110354
1757016110.73918,0.1883,1558.0,buy,34638955027322,1757016110354
1757016110.73918,0.18835,74.0,buy,227869526604127,1757016110354
1757016110.73918,0.18835,1673.0,buy,128647794059805,1757016110354
1757016111.2582474,0.1884,1663.0,buy,325739517764675,1757016110885
1757016111.2582474,0.1884,1501.0,buy,28647147210735,1757016110885
1757016111.2582474,0.18841,1966.0,buy,485816386161486,1757016110885
1757016111.2582474,0.18841,185.0,buy,1072884592591482,1757016110885
1757016111.6517904,0.18841,205.0,buy,84290300743069,1757016111036
1757016112.2738256,0.18847,1592.0,buy,623338243819315,1757016111756
1757016112.3286104,0.18847,1592.0,buy,485551378500483,1757016111818
1757016112.3286104,0.18846,515.0,sell,1108286632979773,1757016111818
1757016112.3286104,0.18847,7298.0,buy,998654283357004,1757016111818
1757016112.7372847,0.18851,371.0,buy,141506626247699,1757016112028
1757016112.7372847,0.18853,1221.0,buy,475928252606812,1757016112028
1757016112.808668,0.18863,1471.0,buy,862240660315254,1757016112114
1757016112.808668,0.18866,121.0,buy,961755091501494,1757016112114
1757016113.89099,0.18852,21608.0,buy,613559024341810,1757016113084
1757016113.89099,0.18852,235.0,buy,180224668091180,1757016113084
1757016113.89099,0.18853,20231.0,buy,903704343186367,1757016113084
1757016113.89099,0.18853,1591.0,buy,146114376022902,1757016113084
1757016113.985986,0.18852,1591.0,buy,358503554418379,1757016113227
1757016114.3664958,0.18851,4301.0,sell,338570374641337,1757016113834
1757016114.3664958,0.1885,200.0,sell,868778643985415,1757016113834
1757016114.3664958,0.18837,499.0,sell,25542208111040,1757016113834
1757016115.5226834,0.18851,16217.0,buy,328983233601539,1757016114926
1757016115.5226834,0.1886,1451.0,buy,120040517974528,1757016114926
1757016115.5226834,0.1886,16217.0,buy,1075527923785405,1757016114926
1757016115.5226834,0.18861,21082.0,buy,293099967388487,1757016114926
1757016115.7119734,0.18849,4244.0,sell,838516645479780,1757016115335
1757016116.7706542,0.18861,5000.0,sell,676180558635749,1757016116445
1757016117.1804132,0.18862,91.0,buy,608273062049097,1757016116779
1757016119.5256934,0.18842,536.0,buy,230748151995349,1757016119074
1757016119.5256934,0.18843,3709.0,sell,302668283298824,1757016119074
1757016119.5256934,0.18831,1291.0,sell,729606768940841,1757016119074
1757016121.5561478,0.18824,5000.0,sell,380306849309785,1757016121013
1757016122.0962718,0.18829,4248.0,sell,476434316685741,1757016121777
1757016124.2049105,0.18811,8497.0,sell,914565777290263,1757016123657
1757016124.2517111,0.188,150.0,sell,389604044853360,1757016123842
1757016124.2517111,0.18776,4850.0,sell,609840842372576,1757016123842
1757016124.8277743,0.18774,6979.0,sell,872068651841438,1757016124531
1757016124.9094815,0.18774,4521.0,sell,329872648779946,1757016124616
1757016125.4433534,0.18775,4253.0,buy,479785413195437,1757016125090
1757016125.4433534,0.18775,7627.0,buy,170668793635224,1757016125090
1757016125.4433534,0.18775,879.0,buy,316438614168721,1757016125090
1757016126.502719,0.18774,238.0,buy,1113264956089943,1757016126015
1757016127.0281942,0.18758,373.0,sell,458503265922560,1757016126423
1757016127.0281942,0.1875,150.0,sell,1077325448966655,1757016126423
1757016127.0281942,0.18741,2489.0,sell,749258506731984,1757016126423
1757016127.953068,0.18758,4261.0,buy,1118512552444360,1757016127409
1757016127.953068,0.18754,534.0,sell,53187633235648,1757016127409
1757016129.517697,0.18763,81.0,sell,652333052924059,1757016129062
1757016130.3963416,0.1874,751.0,buy,885930501312066,1757016130068
1757016131.3083825,0.18734,450.0,sell,785885760180736,1757016130895
1757016132.2809165,0.18733,5766.0,buy,341797821880079,1757016131769
1757016132.639372,0.18722,5000.0,sell,900965408147859,1757016132209
1757016133.1772332,0.18722,5.0,sell,286742221322470,1757016132737
1757016134.0290134,0.18728,356.0,buy,46284656606196,1757016133443
1757016134.0290134,0.18728,5228.0,buy,805680592281030,1757016133443
1757016134.0290134,0.18728,2533.0,buy,936784722004623,1757016133443
1757016134.0290134,0.18733,531.0,buy,849925260656032,1757016133443
1757016139.6977203,0.18773,1384.0,buy,634355212005394,1757016139312
1757016139.6977203,0.18773,216.0,buy,265835867527022,1757016139312
1757016139.825025,0.18772,1600.0,buy,641199563982999,1757016139500
1757016141.1960063,0.18761,9953.0,buy,515712921670441,1757016140933
1757016141.4342794,0.18759,206.0,buy,54368186328127,1757016141043
1757016141.5851214,0.18759,784.0,buy,249933555264335,1757016141130
1757016141.5851214,0.18759,11788.0,buy,526181551313261,1757016141130
1757016141.5851214,0.18759,3417.0,buy,146953748261931,1757016141130
1757016141.5851214,0.18759,990.0,buy,440591028422688,1757016141130
1757016141.5851214,0.1876,12355.0,buy,487755502535435,1757016141130
1757016141.5851214,0.1876,2849.0,buy,98287936756217,1757016141130
1757016141.5851214,0.18761,7104.0,buy,1117360389972371,1757016141130
1757016141.5856845,0.18761,4190.0,buy,385458849381032,1757016141202
1757016142.1463218,0.18759,2328.0,buy,442368828407540,1757016141887
1757016142.76,0.18758,267.0,sell,499159185344886,1757016142489
1757016145.0547745,0.18735,100.0,sell,7615434615707,1757016144681
1757016146.6306171,0.18726,15184.0,buy,506220795673357,1757016146296
1757016147.7007797,0.18724,2957.0,sell,233085394065750,1757016147404
1757016147.7007797,0.18724,1342.0,sell,1097221211423554,1757016147404
1757016148.947757,0.18724,6176.0,buy,639215900496298,1757016148560
1757016149.3454907,0.18717,531.0,buy,884022658581681,1757016148963
1757016149.3454907,0.18722,1815.0,buy,117190279587436,1757016148963
1757016149.3454907,0.18724,3274.0,buy,71942784720574,1757016148963
1757016149.5403457,0.18724,10287.0,buy,193162966415137,1757016149257
1757016149.9330273,0.18708,10252.0,buy,923167004299549,1757016149694
1757016149.9330273,0.18709,4932.0,buy,1039835540639793,1757016149694
1757016153.9307377,0.18727,15184.0,buy,603994381322745,1757016153533
1757016154.8980403,0.18762,1599.0,buy,486891418574055,1757016154598
1757016154.8980403,0.18762,1510.0,buy,306370586752240,1757016154598
1757016154.8980403,0.18762,1599.0,buy,332804200384110,1757016154598
1757016154.9636745,0.18762,634.0,buy,352744359128435,1757016154679
1757016154.9636745,0.18764,902.0,buy,408436101766681,1757016154679
1757016154.9636745,0.18765,63.0,buy,717350223221558,1757016154679
1757016154.9636745,0.18765,1600.0,buy,956107109933562,1757016154679
1757016154.9636745,0.18765,1599.0,buy,297351769423398,1757016154679
1757016154.9636745,0.18765,1599.0,buy,538838026502512,1757016154679
1757016154.9636745,0.18765,1599.0,buy,889463803127375,1757016154679
1757016154.9636745,0.18765,1599.0,buy,614334892942905,1757016154679
1757016155.1419067,0.18764,1067.0,sell,79251024840306,1757016154796
1757016155.237424,0.1877,1456.0,buy,105049994773998,1757016154881
1757016155.237424,0.1877,144.0,buy,1023869992467321,1757016154881
1757016156.3964846,0.18782,238.0,buy,845380716056453,1757016156023
1757016157.1959934,0.18785,681.0,buy,51677528358626,1757016156797
1757016159.5461118,0.18766,80.0,sell,203635808071040,1757016159012
1757016160.3119407,0.18775,751.0,buy,44318602288180,1757016160013
1757016163.8567722,0.18791,65207.0,sell,187058700479316,1757016163491
1757016166.176023,0.18783,1837.0,sell,629267316459536,1757016165864
1757016166.176023,0.18781,5490.0,sell,717675511847270,1757016165864
1757016169.855654,0.18787,39938.0,buy,1094570710378988,1757016169345
1757016169.855654,0.18788,1817.0,buy,236690541182135,1757016169345
1757016169.855654,0.18792,106440.0,buy,26159616738780,1757016169345
1757016169.855654,0.18792,1605.0,buy,465176968154494,1757016169345
1757016169.855654,0.18792,1485.0,buy,674808656659476,1757016169345
1757016169.855654,0.18794,13914.0,buy,598317571942034,1757016169345
1757016169.855654,0.18795,13964.0,buy,968542290322572,1757016169345
1757016169.855654,0.18795,2660.0,buy,659480633340837,1757016169345
1757016169.855654,0.18795,11892.0,buy,770931819265004,1757016169345
1757016171.460427,0.18788,206.0,buy,405275441958328,1757016171065
1757016182.5172648,0.18765,4562.0,sell,1000558733918771,1757016182214
1757016184.3781703,0.18765,1371.0,sell,371333614188136,1757016183594
1757016184.379217,0.18765,9251.0,sell,626450051812534,1757016183688
1757016184.379217,0.18765,10608.0,sell,409090841284545,1757016183688
1757016184.379217,0.18765,4576.0,sell,48954568781575,1757016183688
1757016184.379217,0.18765,7758.0,sell,117493746578498,1757016183688
1757016184.379217,0.18765,7426.0,sell,243637127948339,1757016183688
1757016184.379217,0.18765,4449.0,sell,869813612625410,1757016183688
1757016184.379217,0.18765,8207.0,sell,542748077392404,1757016183688
1757016184.379217,0.18765,1135.0,sell,338519105996438,1757016183688
1757016184.379217,0.18765,1393.0,sell,271107095565673,1757016183688
1757016184.379217,0.18765,2607.0,sell,74461940681754,1757016183688
1757016184.379217,0.18765,2790.0,sell,951667270989873,1757016183688
1757016184.3819437,0.18765,1056.0,sell,557847424919939,1757016183836
1757016186.6339755,0.18766,238.0,buy,342113592365887,1757016186054
1757016187.2093556,0.18766,64.0,buy,154234163963127,1757016186594
1757016187.6843626,0.18766,26.0,buy,291304899967806,1757016186748
1757016189.5480585,0.18765,2545.0,sell,1063801004642708,1757016188971
1757016189.5765765,0.18765,80.0,sell,614212108884046,1757016189062
1757016190.5104098,0.18766,751.0,buy,1064272798431000,1757016190085
1757016191.6786218,0.18765,6106.0,sell,724061497040657,1757016191349
1757016191.6786218,0.18765,10491.0,sell,488682983726361,1757016191349
1757016191.6786218,0.18765,4693.0,sell,965505024123457,1757016191349
1757016191.6786218,0.18765,15184.0,sell,694017807761943,1757016191349
1757016191.6786218,0.18765,303.0,sell,181357811599609,1757016191349
1757016191.6786218,0.18765,14881.0,sell,2034693233008,1757016191349
1757016191.703353,0.18733,532.0,sell,169800961742273,1757016191410
1757016191.703353,0.1873,10988.0,sell,539715400250839,1757016191410
1757016191.7668734,0.1873,11905.0,sell,393692082145127,1757016191491
1757016191.7668734,0.18729,2145.0,sell,1090118253749145,1757016191491
1757016191.97467,0.18729,15527.0,sell,857958051061611,1757016191611
1757016191.97467,0.18728,403.0,sell,992896604791496,1757016191611
1757016193.8448827,0.18727,373.0,sell,394584330052223,1757016193471
1757016198.242882,0.18728,532.0,buy,854449858575715,1757016197964
1757016201.4381077,0.18754,206.0,buy,569461164089588,1757016201038
1757016204.6212604,0.1875,578.0,buy,1050253734136596,1757016204250
1757016206.738838,0.1875,532.0,buy,618424576793462,1757016206379
1757016206.738838,0.18755,1712.0,buy,702507802438881,1757016206379
1757016206.738838,0.18756,8128.0,buy,395598247802287,1757016206379
1757016211.5266538,0.18736,4384.0,buy,2564949274433,1757016211233
1757016211.5266538,0.18736,1790.0,buy,377863943018343,1757016211233
1757016216.3472047,0.18738,239.0,buy,54550951837416,1757016216012
1757016218.9561896,0.18785,1040.0,sell,353742729849255,1757016218693
1757016219.5230894,0.18775,80.0,sell,218649846100276,1757016219075
1757016220.357362,0.18786,751.0,buy,473805473255012,1757016220036
1757016227.7832415,0.18764,487.0,buy,765375318860367,1757016227331
1757016228.9228654,0.18763,7993.0,buy,263486530062182,1757016228414
1757016228.9228654,0.18764,7981.0,buy,381725718513845,1757016228414
1757016231.5594938,0.1876,206.0,buy,807569313039439,1757016231076
1757016231.676387,0.18762,533.0,buy,1116972750100252,1757016231278
1757016231.676387,0.18766,12781.0,buy,331723509383196,1757016231278
1757016233.471814,0.18746,5828.0,buy,335208363870479,1757016233015
1757016237.6803105,0.18769,1599.0,buy,188316184473024,1757016237352
1757016239.5317056,0.18764,463.0,buy,313868385267861,1757016239202
1757016239.979893,0.18764,19903.0,buy,143708314457029,1757016239456
1757016239.979893,0.18766,1720.0,buy,304746980078404,1757016239456
1757016239.979893,0.18767,20717.0,buy,661988338946825,1757016239456
1757016239.979893,0.18767,990.0,buy,52406830283308,1757016239456
1757016239.979893,0.18768,1633.0,buy,561538995475697,1757016239456
1757016239.979893,0.18768,7991.0,buy,177805196487744,1757016239456
1757016239.979893,0.18769,1666.0,buy,165914031897598,1757016239456
1757016239.979893,0.18769,1772.0,buy,187047087280836,1757016239456
1757016239.979893,0.18772,44623.0,buy,174581517112467,1757016239456
1757016240.1865091,0.18767,522.0,buy,199169854705288,1757016239777
1757016241.028251,0.18769,1845.0,buy,592767668783465,1757016240689
1757016241.028251,0.18775,11462.0,buy,756155416065405,1757016240689
1757016241.6127713,0.18776,887.0,buy,355690540323023,1757016241091
1757016245.2769184,0.1877,200.0,buy,1828261667967,1757016244981
1757016246.4023502,0.18795,238.0,buy,284776817555198,1757016246033
1757016249.363353,0.18786,81.0,sell,112760673071125,1757016249066
1757016250.6436374,0.18789,751.0,buy,614117156273803,1757016250001
1757016258.8912332,0.18806,533.0,buy,673709966590169,1757016258534
1757016260.6611004,0.18826,3042.0,buy,1029435235317982,1757016260216
1757016260.7353182,0.18826,1673.0,buy,577985325399666,1757016260399
1757016260.8447487,0.18826,1593.0,buy,277358253965742,1757016260495
1757016261.5236773,0.18826,1067.0,buy,1015032193694884,1757016260891
1757016261.6252954,0.18826,206.0,buy,611955543221260,1757016261109
1757016261.9173677,0.18828,3820.0,buy,481170331509913,1757016261615
1757016263.6081228,0.18839,371.0,buy,655236811026892,1757016263186
1757016263.6081228,0.1884,200.0,buy,801652586040673,1757016263186
1757016263.6081228,0.18846,1022.0,buy,1027551554638231,1757016263186
1757016263.6184912,0.18846,604.0,buy,1008621494452416,1757016263249
1757016263.6184912,0.18846,1067.0,buy,444333179217660,1757016263249
1757016263.6184912,0.18846,464.0,buy,1030895219518575,1757016263249
1757016263.6184912,0.18847,1207.0,buy,338811944158450,1757016263249
1757016264.3840163,0.18845,1629.0,buy,169764134834950,1757016264010
1757016264.3840163,0.18845,8371.0,buy,57101607867314,1757016264010
1757016270.5659375,0.18829,1620.0,sell,917860642393315,1757016270171
1757016270.5659375,0.18829,3380.0,sell,240806961256478,1757016270171
1757016272.1909652,0.18835,39794.0,sell,109715331644801,1757016271734
1757016272.1909652,0.18831,15173.0,sell,798008826336507,1757016271734
1757016273.0584726,0.18832,5000.0,sell,1097695390554693,1757016272695
1757016274.7601962,0.18836,1609.0,buy,667482531297376,1757016274434
1757016274.7601962,0.18838,3521.0,buy,260723894670991,1757016274434
1757016276.3745754,0.18834,238.0,buy,330103425402066,1757016276034
1757016276.506031,0.18826,5000.0,sell,592272793705932,1757016276159
1757016279.0311077,0.18819,5000.0,sell,356924945681905,1757016278685
1757016279.1792245,0.18826,1688.0,sell,615569262796804,1757016278798
1757016279.1792245,0.18826,3421.0,sell,872644283143730,1757016278798
1757016279.1792245,0.18826,13902.0,sell,624710750853893,1757016278798
1757016279.1792245,0.18826,11131.0,sell,1114627552321112,1757016278798
1757016279.4515808,0.18826,80.0,sell,509391136969001,1757016279038
1757016280.4919283,0.18828,533.0,buy,658135290904162,1757016280106
1757016280.4919283,0.18831,218.0,buy,169199087887643,1757016280106
1757016290.8317525,0.18822,1574.0,buy,350896275897677,1757016289930
1757016290.8317525,0.18825,7967.0,buy,578716324646098,1757016289930
1757016290.8317525,0.18829,1577.0,buy,153878504431517,1757016289930
1757016290.8317525,0.18829,1737.0,buy,34284411492733,1757016289930
1757016290.8317525,0.18829,106216.0,buy,788867293932359,1757016289930
1757016290.8317525,0.1883,16217.0,buy,858382035521564,1757016289930
1757016290.8317525,0.1883,20647.0,buy,411005852888511,1757016289930
1757016290.8317525,0.1883,7965.0,buy,975513969856235,1757016289930
1757016290.8317525,0.18833,16350.0,buy,98750748394330,1757016289930
1757016290.8317525,0.18833,5417.0,buy,10406533606524,1757016289930
1757016290.8317525,0.18834,1967.0,buy,968622227392774,1757016289930
1757016290.8317525,0.18834,1967.0,buy,360366711522768,1757016289930
1757016290.8317525,0.18834,1967.0,buy,417401340081972,1757016289930
1757016290.8317525,0.18835,18743.0,buy,1009712152584178,1757016289930
1757016290.8317525,0.18836,990.0,buy,222395295173281,1757016289930
1757016290.8317525,0.18836,990.0,buy,404128751195158,1757016289930
1757016290.8317525,0.18836,990.0,buy,85999536250646,1757016289930
1757016290.8317525,0.18836,990.0,buy,207556656357295,1757016289930
1757016290.8317525,0.18836,990.0,buy,25135402247547,1757016289930
1757016290.8317525,0.18836,14095.0,buy,5770244036012,1757016289930
1757016290.8317525,0.18837,990.0,buy,849835958539654,1757016289930
1757016290.8317525,0.18837,5335.0,buy,1011048564557096,1757016289930
1757016290.8317525,0.18838,14091.0,buy,991512201304336,1757016289930
1757016290.8317525,0.18838,13269.0,buy,847857292711131,1757016289930
1757016290.8317525,0.18839,1967.0,buy,507289616345652,1757016289930
1757016290.8317525,0.18839,1967.0,buy,771608776222705,1757016289930
1757016290.8317525,0.18839,1967.0,buy,724778064267408,1757016289930
1757016290.8317525,0.18839,1967.0,buy,353458647660297,1757016289930
1757016290.8317525,0.18839,1967.0,buy,132365039496245,1757016289930
1757016290.8317525,0.18839,1967.0,buy,206734928333542,1757016289930
1757016290.8317525,0.18839,1967.0,buy,246925409893475,1757016289930
1757016290.8317525,0.1884,16217.0,buy,907570625661221,1757016289930
1757016290.8317525,0.1884,8065.0,buy,896221233701777,1757016289930
1757016290.8317525,0.1884,6463.0,buy,642649898332306,1757016289930
1757016290.8317525,0.1884,11778.0,buy,627132201707349,1757016289930
1757016290.8317525,0.18841,6020.0,buy,96632732475636,1757016289930
1757016290.8317525,0.18844,1966.0,buy,928587878649948,1757016289930
1757016290.8317525,0.18844,1966.0,buy,170066231630004,1757016289930
1757016290.8317525,0.18844,1966.0,buy,949337560426545,1757016289930
1757016290.8317525,0.18844,1966.0,buy,1084835983198762,1757016289930
1757016290.8317525,0.18845,1966.0,buy,848890024923431,1757016289930
1757016290.8317525,0.18845,1592.0,buy,537186379598355,1757016289930
1757016290.8317525,0.18847,1040.0,buy,366225754471676,1757016289930
1757016290.8317525,0.18848,1769.0,buy,114842318195289,1757016289930
1757016290.8317525,0.18848,1040.0,buy,353274285853498,1757016289930
1757016290.8317525,0.18848,132683.0,buy,632989191346751,1757016289930
1757016290.8317525,0.18849,1965.0,buy,764490100419394,1757016289930
1757016290.8317525,0.18849,1965.0,buy,26341364056506,1757016289930
1757016290.8317525,0.18849,1965.0,buy,926617523105499,1757016289930
1757016290.8317525,0.18849,1965.0,buy,377516917767805,1757016289930
1757016290.8317525,0.18849,1965.0,buy,761488487746953,1757016289930
1757016290.8317525,0.18849,1965.0,buy,425459615966980,1757016289930
1757016290.8317525,0.18849,1965.0,buy,579758628726547,1757016289930
1757016290.8317525,0.18849,1965.0,buy,1051370911978212,1757016289930
1757016290.8317525,0.18849,1965.0,buy,421944891189540,1757016289930
1757016290.8317525,0.18849,1965.0,buy,1000264542726241,1757016289930
1757016290.8317525,0.18849,1965.0,buy,216360534386408,1757016289930
1757016290.8317525,0.18849,1965.0,buy,227302066541555,1757016289930
1757016290.8317525,0.18849,1965.0,buy,1073723080277229,1757016289930
1757016290.8317525,0.18849,1965.0,buy,275748403956977,1757016289930
1757016290.8317525,0.18849,1965.0,buy,267019400781050,1757016289930
1757016290.8317525,0.18849,1965.0,buy,287103898538519,1757016289930
1757016290.8317525,0.18849,1965.0,buy,68363554768669,1757016289930
1757016290.8317525,0.18849,1965.0,buy,172878655545296,1757016289930
1757016290.8317525,0.18849,1965.0,buy,1113542113471652,1757016289930
1757016290.8317525,0.18849,1965.0,buy,834333645046671,1757016289930
1757016290.8317525,0.18849,1965.0,buy,132205831382995,1757016289930
1757016290.8317525,0.18849,1965.0,buy,614029683332815,1757016289930
1757016290.8317525,0.18849,1965.0,buy,439689476646512,1757016289930
1757016290.8317525,0.18849,1965.0,buy,271750789093208,1757016289930
1757016290.8317525,0.18849,1965.0,buy,702222662278372,1757016289930
1757016290.8317525,0.18849,1965.0,buy,252605645687873,1757016289930
1757016290.8317525,0.18849,1965.0,buy,8358915087162,1757016289930
1757016290.8317525,0.18849,1965.0,buy,1091010809691442,1757016289930
1757016290.8317525,0.18849,1965.0,buy,758859316681842,1757016289930
1757016290.8317525,0.18849,1965.0,buy,705173455098167,1757016289930
1757016290.8317525,0.18849,1965.0,buy,967884361551548,1757016289930
1757016290.8317525,0.18849,1965.0,buy,159605370510227,1757016289930
1757016290.8317525,0.18849,1965.0,buy,146928216045082,1757016289930
1757016290.8317525,0.18849,5335.0,buy,471137777967199,1757016289930
1757016290.8317525,0.18849,1965.0,buy,1019744734856833,1757016289930
1757016290.8317525,0.18849,1965.0,buy,468998077264816,1757016289930
1757016290.8317525,0.1885,1965.0,buy,990931604298586,1757016289930
1757016290.8317525,0.1885,1965.0,buy,926324718342325,1757016289930
1757016290.8317525,0.1885,1965.0,buy,883057972302015,1757016289930
1757016290.8317525,0.1885,1965.0,buy,302533351450979,1757016289930
1757016290.8317525,0.1885,175906.0,buy,841489598271489,1757016289930
1757016290.8317525,0.18851,1592.0,buy,6403725442281,1757016289930
1757016290.8317525,0.18851,10949.0,buy,619687385643801,1757016289930
1757016290.8317525,0.18851,1592.0,buy,377428565781869,1757016289930
1757016290.8317525,0.18852,16217.0,buy,987477134954178,1757016289930
1757016290.8317525,0.18852,1592.0,buy,472447375034521,1757016289930
1757016290.8317525,0.18852,1592.0,buy,49066010345985,1757016289930
1757016290.8317525,0.18852,24006.0,buy,678634781622809,1757016289930
1757016290.8317525,0.18853,82066.0,buy,924816937678868,1757016289930
1757016290.8317525,0.18853,1040.0,buy,93053758488971,1757016289930
1757016290.8317525,0.18855,2063.0,buy,63159069986799,1757016289930
1757016290.8317525,0.18855,2063.0,buy,699404125669411,1757016289930
1757016290.8317525,0.18855,2063.0,buy,517565418456983,1757016289930
1757016290.8317525,0.18855,2063.0,buy,889350456942055,1757016289930
1757016290.8317525,0.18855,2063.0,buy,226252090158676,1757016289930
1757016290.8317525,0.18855,2063.0,buy,702625254933603,1757016289930
1757016290.8317525,0.18856,1592.0,buy,62338007396421,1757016289930
1757016290.8317525,0.18856,1592.0,buy,406138349162527,1757016289930
1757016290.8317525,0.18856,1592.0,buy,335232096217280,1757016289930
1757016290.8317525,0.18856,1592.0,buy,463277371354689,1757016289930
1757016290.8317525,0.18856,2063.0,buy,743673304800265,1757016289930
1757016290.8317525,0.18856,2063.0,buy,584361666772365,1757016289930
1757016290.8317525,0.18856,2063.0,buy,389023859757559,1757016289930
1757016290.8317525,0.18857,1965.0,buy,337942566353610,1757016289930
1757016290.8317525,0.18858,11401.0,buy,754503166916978,1757016289930
1757016290.8317525,0.18858,5285.0,buy,621221580775053,1757016289930
1757016290.8317525,0.18858,1591.0,buy,464609082696792,1757016289930
1757016290.8317525,0.18859,19725.0,buy,1083647674218086,1757016289930
1757016290.8317525,0.18859,17952.0,buy,63118740298865,1757016289930
1757016290.8317525,0.1886,16217.0,buy,55290370766466,1757016289930
1757016290.8317525,0.1886,1964.0,buy,156469520458842,1757016289930
1757016290.8317525,0.1886,1964.0,buy,180863848040603,1757016289930
1757016290.8317525,0.1886,1964.0,buy,159653871327671,1757016289930
1757016290.8317525,0.1886,1964.0,buy,947899233755872,1757016289930
1757016290.8317525,0.1886,1964.0,buy,932489889575513,1757016289930
1757016290.8317525,0.1886,1964.0,buy,605017074400757,1757016289930
1757016290.8317525,0.1886,1964.0,buy,703708607910451,1757016289930
1757016290.8317525,0.1886,1964.0,buy,721587306146276,1757016289930
1757016290.8317525,0.18861,2165.0,buy,488241256684764,1757016289930
1757016290.8317525,0.18861,5335.0,buy,445429680299331,1757016289930
1757016290.8317525,0.18861,132558.0,buy,676313113976920,1757016289930
1757016290.8317525,0.18862,2165.0,buy,74192622137929,1757016289930
1757016290.8317525,0.18862,1768.0,buy,1116005945933970,1757016289930
1757016290.8317525,0.18863,3419.0,buy,99023291102587,1757016289930
1757016290.8317525,0.18863,3446.0,buy,610071895966830,1757016289930
1757016290.8317525,0.18864,1591.0,buy,99210130066599,1757016289930
1757016290.8317525,0.18864,2062.0,buy,324763558788655,1757016289930
1757016290.8317525,0.18864,1328.0,buy,356411795764211,1757016289930
1757016290.8317525,0.18865,5311.0,buy,726181083714608,1757016289930
1757016290.8317525,0.18866,2062.0,buy,528301789163748,1757016289930
1757016290.8317525,0.18866,2062.0,buy,419139809622802,1757016289930
1757016290.8317525,0.18866,1670.0,buy,901938311190615,1757016289930
1757016290.8317525,0.18867,15941.0,buy,503348510793396,1757016289930
1757016290.8317525,0.18867,24006.0,buy,69366055845869,1757016289930
1757016290.8317525,0.18867,21138.0,buy,883156124315058,1757016289930
1757016290.8317525,0.18868,16217.0,buy,314274027687604,1757016289930
1757016290.8317525,0.18868,1670.0,buy,104090443613561,1757016289930
1757016290.8317525,0.18869,1670.0,buy,30430182898023,1757016289930
1757016290.8317525,0.18869,23936.0,buy,624123519956010,1757016289930
1757016290.8317525,0.18869,21693.0,buy,83612771779752,1757016289930
1757016290.8317525,0.1887,27739.0,buy,117831499351134,1757016289930
1757016290.8317525,0.1887,14798.0,buy,349770380377132,1757016289930
1757016290.8317525,0.1887,28114.0,buy,314232763436493,1757016289930
1757016290.8317525,0.1887,1670.0,buy,808305277127495,1757016289930
1757016290.8317525,0.1887,1670.0,buy,126984103990398,1757016289930
1757016290.8317525,0.1887,37303.0,buy,516929838633307,1757016289930
1757016290.8317525,0.1887,6310.0,buy,928440631138152,1757016289930
1757016290.8317525,0.18871,1590.0,buy,640899941066015,1757016289930
1757016290.8317525,0.18871,532.0,buy,634953518312481,1757016289930
1757016290.8317525,0.18871,26493.0,buy,74162665536052,1757016289930
1757016290.8317525,0.18872,1590.0,buy,46809928371173,1757016289930
1757016290.8317525,0.18872,212480.0,buy,218070257892815,1757016289930
1757016290.8317525,0.18873,14061.0,buy,411763763118926,1757016289930
1757016290.8317525,0.18874,21678.0,buy,265604146768633,1757016289930
1757016290.8317525,0.18874,1669.0,buy,582606805630582,1757016289930
1757016290.8317525,0.18875,5471.0,buy,297021824814594,1757016289930
1757016290.8317525,0.18876,82066.0,buy,863348173862572,1757016289930
1757016290.8317525,0.18876,29561.0,buy,642073271377916,1757016289930
1757016290.8317525,0.18876,1669.0,buy,541627968493944,1757016289930
1757016290.8317525,0.18877,5883.0,buy,1041464155063727,1757016289930
1757016291.6271,0.18845,206.0,buy,31446070115499,1757016291030
1757016292.9124405,0.18879,1591.0,buy,595929226567887,1757016292437
1757016293.5723956,0.18873,3002.0,buy,93520243775354,1757016293039
1757016297.0545354,0.18897,2150.0,buy,744263360483152,1757016296764
1757016297.1440613,0.18897,1710.0,buy,57279606385544,1757016296815
1757016297.1440613,0.18897,2665.0,buy,836045508979095,1757016296815
1757016297.1440613,0.18896,3594.0,sell,486736346536005,1757016296815
1757016297.1440613,0.18884,454.0,sell,339196065717690,1757016296815
1757016299.139022,0.18895,4233.0,sell,267015990884918,1757016298851
1757016299.3837302,0.1889,13234.0,buy,731015800286031,1757016299055
1757016301.3822622,0.18861,4238.0,buy,620240780369969,1757016300985
1757016304.1343231,0.18862,1671.0,sell,451788486224731,1757016303798
1757016304.1343231,0.18862,24748.0,sell,936707791729241,1757016303798
1757016304.1343231,0.18862,7241.0,sell,275243067515109,1757016303798
1757016304.1343231,0.18862,15776.0,sell,383001730777056,1757016303798
1757016305.2135732,0.18857,5000.0,sell,420747389119058,1757016304869
